1981 3255
621 493 1195 540 PRAEFATIO

692 624 1128 666 10 TAYLOR1

432 747 578 800 AD
650 745 1391 801 LYC'URGUM.

847 887 971 894 —-.-—

190 968 454 1013 LYcURGUS,
495 969 761 1019 Lycophronis
799 968 913 1015 filius,
954 969 1118 1019 Lycurgi
1162 980 1294 1018 nepos,
1341 967 1633 1017 praeclarissima

189 1029 352 1067 Athenis
387 1029 502 1079 stirpe
534 1036 660 1076 natm,
707 1029 823 1067 domo
862 1036 943 1067 erat
981 1030 1058 1067 sive
1097 1028 1291 1066 natalibus
1326 1027 1629 1076 Ἐτεοβουτάδης.

190 1091 308 1128 Erant
333 1090 435 1128 enim
454 1091 618 1128 Athenis
651 1091 826 1141 plurimae
857 1091 1026 1136 familiae,
1057 1104 1145 1141 quae
1175 1091 1382 1129 sacerdotii
1413 1104 1567 1129 munere
1593 1096 1633 1128 et

188 1151 363 1199 religiosa
385 1151 554 1201 quadam
578 1153 835 1202 praerogativa
861 1157 1134 1197 censerentur3
1163 1165 1251 1202 quae
1273 1155 1338 1200 jus
1373 1152 1475 1190 istud
1502 1165 1524 1189 a
1555 1164 1633 1189 ma-

183 1211 338 1260 joribus
368 1218 554 1261 perpetuo
585 1212 781 1258 traditum,
811 1216 834 1234 “
853 1214 1008 1250 solenne
1042 1212 1154 1251 istud
1178 1212 1333 1250 familiae
1363 1212 1634 1250 ministerium”

187 1274 245 1319 (ut
272 1272 447 1322 loquitur
465 1273 593 1310 Livius
607 1272 617 1291 ¹
649 1273 687 1310 in
707 1286 748 1310 re
768 1273 943 1311 Romana
962 1286 1037 1310 non
1057 1273 1264 1311 admodum
1295 1273 1481 1320 dissimili)
1499 1285 1633 1310 conse-

188 1340 303 1378 cutae,
326 1335 417 1372 solae
433 1335 471 1372 in
487 1334 656 1381 civitate,
679 1334 863 1381 omnium,
881 1347 969 1385 quae
988 1347 1158 1384 unquam
1178 1334 1346 1380 fuerunt,
1364 1334 1634 1384 aequalissima,

188 1395 421 1445 peculiarem
441 1396 634 1445 quandam
665 1395 928 1433 conditionem
961 1395 1160 1441 nascendi,
1181 1395 1258 1432 sive
1287 1395 1435 1445 generis
1462 1394 1635 1432 nobilita-

187 1462 278 1502 tem,
299 1457 472 1494 obtinere
497 1457 740 1495 videbantur.
798 1457 946 1494 Harum
981 1469 1069 1502 una,
1107 1463 1149 1494 ut
1181 1456 1273 1503 dixi,
1303 1463 1340 1494 et
1372 1455 1531 1494 fortasse
1557 1455 1638 1493 illu-

188 1517 389 1563 strissima,
412 1525 518 1556 ortus
549 1519 763 1569 Lycurgus,
798 1518 1072 1568 Olympiadem
1105 1517 1258 1555 circiter
1291 1518 1443 1556 XCIII.
1475 1518 1637 1564 scilicet,

188 1577 255 1615 ubi
283 1590 343 1615 res
362 1578 653 1616 Atheniensium
674 1578 822 1616 diutino
851 1577 954 1615 bello
985 1577 1122 1616 fractae
1143 1578 1526 1616 Lacedaemoniorum
1559 1578 1636 1616 for-

187 1644 291 1676 tunae
309 1646 520 1683 ccsseruut,
541 1645 646 1677 certe
676 1651 752 1676 non
776 1639 868 1689 post
898 1652 941 1676 ea
971 1646 1159 1689 tempora,
1182 1639 1220 1676 in
1240 1639 1365 1677 lucem
1397 1639 1525 1677 editus
1555 1653 1637 1677 esse

187 1699 388 1736 creditur?
461 1699 562 1737 Nam
607 1700 907 1750 Lycophronem
951 1707 1103 1750 patrem
1142 1713 1229 1737 cum
1270 1700 1498 1750 quibusdam
1540 1701 1638 1739 bene

187 1761 331 1798 meritis
346 1760 492 1798 civibus
513 1773 534 1798 a
553 1760 820 1797 crudelissimo
841 1761 916 1798 isto
938 1761 1102 1811 collegio
1133 1761 1266 1799 XXX.
1287 1761 1468 1808 virorum,
1497 1763 1563 1811 qui
1592 1775 1638 1799 eo

187 1827 359 1870 tempore
379 1833 503 1858 rerum
524 1820 791 1870 potiebantur,
812 1821 1086 1871 interemptum
1107 1834 1188 1859 esse
1205 1821 1442 1871 accepimus.
1473 1822 1638 1860 Juvenis

187 1880 312 1918 factus
345 1881 567 1918 Platonem³
597 1881 761 1928 audivit,
801 1895 928 1931 eoque
965 1882 1180 1920 studiorum
1218 1882 1399 1921 confecto
1433 1884 1560 1922 stadio
1589 1884 1637 1922 ad

188 1942 396 1980 Isocratem
430 1955 467 1979 se
498 1943 677 1989 contulit,
706 1955 837 1980 verum
875 1943 982 1980 illum
1022 1943 1263 1993 Eloquentiae
1299 1946 1529 1993 parentem‚⁴
1572 1947 1638 1996 qui

187 2005 306 2043 multa
325 2012 364 2042 ct
383 2005 677 2055 praeclarissima
692 2006 863 2042 omnium
881 2011 1039 2043 aetatum
1060 2006 1224 2055 ingenia,
1245 2007 1384 2055 partim
1403 2008 1451 2044 ad
1469 2007 1635 2045 studium

188 2065 344 2103 dicendi
377 2072 413 2103 et
442 2065 594 2103 laudem
617 2064 805 2103 forensem
827 2065 934 2112 aluit,
959 2065 1098 2116 partim
1118 2066 1167 2104 ad
1190 2067 1391 2105 Civitatem
1413 2068 1579 2106 consiliis
1599 2075 1638 2107 et

187 2127 392 2178 prudentia
424 2134 529 2166 recte
559 2127 913 2167 administrandam.
970 2129 1028 2165 Ex
1058 2142 1101 2166 ea
1131 2129 1245 2180 igitur
1272 2131 1422 2168 officina
1442 2131 1635 2181 profectus

188 2189 401 2240 Lycurgus,
433 2202 510 2239 qua
539 2189 671 2240 paucis
703 2195 793 2240 post
824 2190 932 2227 annis
957 2189 1242 2237 Demosthenes
1268 2198 1306 2229 et
1324 2193 1559 2244 Hyperides,
1587 2193 1635 2231 ad

189 2251 481 2300 Rempublicam
498 2251 660 2289 accessit
681 2249 796 2299 juxta
816 2264 877 2289 res
895 2251 1186 2298 Macedonicas,
1206 2252 1244 2289 in
1262 2264 1385 2302 eaque
1405 2253 1489 2303 ejus
1519 2266 1636 2304 opera

189 2312 316 2362 magni
341 2311 426 2350 fuit.

242 2375 405 2412 Summis
425 2375 478 2412 ibi
498 2380 536 2412 et
551 2374 761 2413 honoribus
783 2383 822 2413 et
842 2375 1129 2425 magistratibus
1150 2376 1317 2423 functus,
1340 2376 1447 2414 domi
1462 2377 1634 2428 forisque

187 2436 461 2474 illustrissimus
478 2449 559 2474 esse
582 2437 714 2487 coepit,
736 2442 939 2486 totumque
959 2450 998 2475 se
1021 2437 1268 2487 Reipublicae
1290 2444 1329 2475 et
1345 2438 1495 2489 Populo
1515 2440 1635 2477 Athe-

188 2497 311 2535 niensi
329 2497 453 2535 dedit.
510 2497 655 2535 Incidit
673 2497 710 2534 in
732 2510 776 2535 ea
793 2504 983 2548 tempora,
1000 2498 1065 2535 ubi
1080 2498 1296 2536 dissociatis
1316 2499 1450 2537 animis
1467 2500 1631 2546 Civium,

188 2558 252 2595 alii
271 2558 551 2605 Macedonicis,
584 2559 647 2596 alii
677 2558 846 2596 Persicis
872 2559 987 2596 rebus
1010 2558 1194 2597 faverent.
1251 2560 1350 2598 Cum
1374 2561 1430 2598 his
1465 2575 1504 2599 se
1538 2574 1629 2599 con—

183 2618 329 2668 junxit,
356 2632 443 2657 nam
475 2632 519 2657 ea
553 2620 633 2657 sola
661 2619 808 2658 ratione
833 2620 1001 2658 credidit
1028 2620 1212 2668 futurum,
1241 2628 1282 2660 ut
1301 2622 1534 2672 Philippum,
1564 2622 1629 2672 qui

191 2685 269 2716 tum
289 2679 412 2729 major
440 2687 479 2718 et
498 2680 697 2730 potentior
727 2694 809 2718 esse
843 2681 974 2731 coepit,
1007 2694 1119 2732 quam
1143 2682 1299 2720 Civitati
1320 2683 1564 2734 expediebat,
1593 2688 1630 2719 et

235 2771 245 2790 ¹
261 2773 308 2802 De
329 2774 456 2804 Potitiis
477 2779 509 2804 et.
530 2774 677 2805 Pinariis.
701 2773 788 2814 [Liv.
807 2778 837 2804 1.
861 2777 893 2804 7.
929 2775 977 2804 ed.
998 2774 1102 2804 Reisk.

192 2815 231 2843 cf.
259 2814 387 2854 interpr.
409 2817 447 2846 ad
476 2816 564 2856 Vir-g.
594 2817 664 2847 AEn.
694 2818 789 2848 VIII.
819 2819 892 2849 269.
970 2818 1115 2847 ³Praeter
1163 2817 1305 2847 photium
1355 2822 1385 2847 et
1424 2816 1630 2851 Plutarchum,

192 2857 355 2898 uncum]
928 2860 1165 2899 Olympiodorus
1179 2860 1246 2889 MS.
1259 2865 1288 2889 et
1304 2859 1443 2890 Laertius
1456 2859 1485 2888 in
1503 2858 1629 2887 Platone

235 2898 248 2916 ²
263 2900 467 2930 Demosthene
489 2901 606 2941 aliquot
625 2902 709 2932 annis
730 2898 836 2942 major,
861 2907 894 2932 ut
929 2903 996 2932 ΙΙΙ.
1012 2905 1063 2933 46.
1108 2903 1259 2932 Plutarch.
1272 2903 1301 2931 in
1318 2903 1436 2940 Hyper.
1452 2912 1482 2940 p.
1495 2903 1566 2931 841.
1579 2901 1607 2930 b.

194 2942 288 2980 liquet
319 2951 359 2971 ex
390 2949 563 2980 argumento
593 2945 749 2974 Orationis
783 2947 893 2975 Demo·
972 2945 985 2963 ⁴
1000 2946 1064 2976 Cic.
1079 2945 1118 2975 de
1131 2947 1215 2975 Orat.
1233 2945 1279 2974 ΙΙ.
1293 2947 1321 2974 Ξ.

193 2984 309 3014 sthenis
333 2994 361 3014 c.
389 2985 621 3024 Aristogitonem
645 2997 675 3026 p.
701 2990 775 3020 ¹769.
798 2989 818 3017 l.
841 2991 892 3018 024.
