1981 3255
331 140 412 181 484
720 136 980 179 LYCURGI
1015 134 1379 179 ORATIONUM

330 251 595 304 πεζοφόρος]
620 251 833 303 Ἱερωσῦνης
851 252 969 303 ὄνομά
994 253 1094 290 ἐστιν
1112 254 1134 297 ἡ
1152 251 1445 303 Τραπεζοφόρος.
1476 249 1597 294 Αὒτή
1626 262 1672 286 τε
1698 250 1770 286 καὶ

331 318 353 361 ἡ
391 317 553 365 Κοσμὼ
600 314 901 352 συνδιέπουσι
946 313 1095 350 πάντα
1130 315 1183 350 ττὶ
1219 322 1298 358 τῆς
1330 313 1527 357 Ἀθηνᾶς
1557 310 1773 360 ἱερεῖα-

333 377 352 413 ὁ
371 374 485 426 ῥήτωρ
507 375 545 412 ἔν
570 377 617 426 τῷ
645 377 740 426 αὐτῷ
769 376 870 424 λόγῳ
900 371 1087 419 δεδήλωκε.
1123 372 1423 424 Τριτομηνὶς]
1459 372 1579 409 Idem.
1608 369 1772 417 ‘erc'a

333 435 524 485 Ἀθηνᾶ]
544 435 664 473 Idem.
694 437 773 474 ἔστι
791 435 830 472 δὲ
844 435 1034 485 ἐπώνυμον
1047 435 1223 480 Ἀθηνᾶς.

1017 528 1084 566 IE.

559 603 690 642 ΠΕΡΙ
720 604 1008 645 ΙΕΡΑΤΕΙΑΣ
1031 604 1055 652 ἢ
1082 605 1208 643 ΠΕΡΙ
1239 574 1536 644 ΙΕρΩΣΥΝΗΣ.

389 682 452 719 De
470 680 694 720 sacerdotio.
725 682 835 720 Hanc
856 683 1020 734 Lycurgi
1045 683 1154 721 Orat.
1179 683 1295 721 modo
1323 683 1434 722 Suid.
1457 683 1561 721 laud.
1584 695 1669 722 voc.
1689 682 1770 721 Λυ-

334 749 485 794 κοῦργος
503 749 540 781 et
558 746 860 795 προχαριστῆρια.
889 745 1066 783 Fortasse
1094 757 1169 782 non
1195 745 1282 791 alia,
1303 757 1415 794 quam
1434 743 1669 794 praecedenS.
1699 743 1770 781 Le-

334 806 498 850 ctiouem
520 807 714 857 ἱερωσύνης
730 807 850 856 magis
870 807 1008 857 probat
1023 807 1136 845 Gisb.
1157 807 1301 857 Cuper.
1317 806 1482 844 Observ.
1499 806 1524 843 l.
1546 806 1577 843 1.
1596 818 1635 856 p.
1650 809 1712 845 96.

1022 909 1086 947 Ῑς“.

764 985 908 1023 ΚΑΤΑ
941 985 1344 1025 ΜΕΝΕΣΑΙΧΜΟΥ.

391 1063 520 1112 Hujus
547 1064 802 1102 accusationis
832 1064 977 1101 diserte
998 1063 1172 1102 meminit
1197 1064 1394 1102 Plutarch.
1418 1064 1466 1101 V.
1497 1063 1590 1114 Lyc.
1615 1076 1656 1114 p.
1682 1066 1773 1102 843.

338 1124 389 1161 D.
419 1124 505 1161 Fuit
524 1129 651 1162 autem
672 1123 978 1162 Menesaechmus
1003 1124 1164 1161 acerbus
1195 1130 1233 1162 et
1253 1124 1454 1162 vehemens
1475 1130 1688 1171 accusator,
1708 1124 1774 1171 qui

340 1198 416 1222 non
435 1185 549 1223 modo
564 1185 796 1235 Lycurgum,
814 1184 879 1222 sed
902 1186 1040 1221 mortui
1060 1197 1214 1234 quoque
1234 1185 1375 1223 liberos
1390 1185 1550 1223 vexavit.
1582 1185 1629 1222 V.
1645 1185 1775 1223 Ruhn-

340 1245 429 1283 ken.
446 1246 546 1285 Hist.
566 1246 631 1285 Cr.
653 1247 723 1284 Or.
745 1259 782 1295 p.
801 1249 892 1283 155.
920 1244 1051 1283 Reisk.
1092 1245 1256 1282 Causam
1283 1246 1381 1283 hanc
1401 1246 1646 1293 εἰσαγγελίαν
1663 1250 1776 1282 vocat

342 1307 574 1357 Harpocrat.
595 1320 629 1343 v.
657 1308 878 1356 Ἀρκυωρός.
906 1306 1052 1343 Laudat
1074 1306 1176 1343 idem
1203 1320 1248 1344 ex
1281 1307 1466 1344 Oratione
1490 1320 1524 1344 v.
1546 1320 1581 1344 v.
1611 1306 1776 1352 Δηλια-

341 1368 462 1412 σταὶ,
491 1366 524 1404 οἱ
551 1370 603 1410 εἰς
622 1368 743 1412 Δῆλον
770 1366 981 1412 ἐξελθόντες
1000 1367 1149 1418 Θεωροί.
1170 1369 1429 1415 -”Εκα’της
1459 1375 1600 1412 νῆσος
1620 1390 1673 1395 -
1694 1368 1778 1415 Κη-

340 1428 592 1481 φισόδωρος
610 1451 661 1456 -
687 1428 931 1479 Προκώνια
958 1450 1009 1456 --
1035 1435 1072 1465 et
1100 1427 1401 1478 sragment.voc.
1421 1429 1665 1478 Ποιανοψίαι.
1687 1429 1778 1468 Καὶ

341 1493 472 1539 ἡμεῖς
492 1488 787 1537 Ποιανοψίαν
805 1493 971 1535 ταύτην
991 1491 1069 1534 τὴν
1085 1490 1242 1537 ἑορτὴν
1261 1492 1505 1541 καλοῦμεν,
1527 1491 1567 1527 οἱ
1587 1489 1622 1527 δ’
1642 1489 1778 1528 ἄλλοι

334 1547 557 1597 ’Έλληνες
590 1550 848 1600 Πανοψίαν,
880 1550 948 1589 ὅτι
970 1551 1156 1594 πάντας
1180 1549 1302 1589 εἶδον
1327 1552 1524 1602 καρπούς
1555 1556 1606 1607 τῇ
1634 1553 1746 1602 ὄψει.

395 1611 505 1649 Suid.
522 1624 678 1661 quoque
693 1611 786 1649 citat
800 1625 847 1649 ex
861 1625 906 1649 ea
921 1625 1029 1650 vocc.
1058 1612 1360 1664 Προηροσίαι,
1379 1613 1641 1665 Προκῶναι,
1660 1614 1778 1653 Πυα·

343 1674 520 1722 νεψιῶν.
549 1672 685 1711 Pollux
702 1673 792 1711 VII.
811 1676 875 1711 31.
897 1686 983 1712 voc.
1004 1673 1494 1724 σπογγοκολυμβηταί.

1023 1767 1094 1805 ΙΖ.

500 1846 787 1886 ΑΠΟΛΟΓΙΑ
816 1847 958 1885 ΠΡΟΣ
986 1846 1097 1885 TON
1124 1847 1311 1886 ΑΥΤΟΝ
1337 1847 1480 1886 ΥΠΕΡ
1509 1846 1615 1886 ΤΩΝ

927 1908 1194 1947 ΕΥΘΥΝΩΝ.

399 1987 463 2024 Uti
479 1986 589 2024 Suid.
603 1999 685 2023 eam
698 1985 945 2035 inscripsit,s.
966 1986 1314 2037 Ἀπολογισμὸς
1332 1984 1390 2024 ὧν
1409 1990 1779 2034 πεπολιτεύεται,

346 2055 387 2085 ut
408 2049 545 2098 saepius
562 2048 683 2098 Harp.
699 2060 783 2085 eam
804 2047 911 2084 citat.

398 2110 591 2148 Plutarch.
614 2109 659 2146 V.
682 2109 776 2158 Lyc.
804 2121 842 2158 p.
865 2112 954 2146 843.
977 2109 1018 2147 F.
1055 2109 1217 2147 Πάντων
1237 2109 1276 2147 δὲ
1295 2107 1346 2147 ὧν
1367 2108 1540 2160 διῴκησεν
1559 2110 1780 2160 ἀναγραφὴν

344 2170 605 2220 ποιησάμενος,
625 2168 804 2214 ἀνέθηκεν
824 2169 863 2206 ἐν
885 2172 1012 2224 στήλῃ,
1025 2170 1117 2220 πρὸς
1136 2179 1200 2216 τῆς
1218 2171 1276 2207 ὑπ’
1295 2172 1404 2207 αὑτοῦ
1425 2169 1779 2216 κατασκευασθείσης

344 2236 594 2282 παλαίστρας,
616 2237 763 2270 σκοπεῖν
778 2236 855 2272 τοῖς
874 2230 1130 2282 βουλομένοις.
1167 2231 1301 2273 Οὐδεὶς
1319 2234 1444 2281 μέντοι
1462 2230 1612 2276 ἐδυνήθη
1630 2230 1779 2278 ἐλέγξαι

345 2292 409 2330 τὸν
426 2293 540 2343 ἄνδρα
562 2298 776 2344 νοσφισμοῦ.
840 2293 1055 2329 Dinarchus
1082 2298 1208 2330 autern
1236 2292 1380 2329 Orator
1403 2291 1523 2328 nihilo
1549 2291 1671 2328 minus
1689 2302 1778 2328 eum

345 2354 640 2402 repetundarum
664 2361 924 2400 accusaverat,
946 2354 1145 2397 Oratione,
1166 2352 1278 2401 cujus
1305 2352 1455 2390 titulum
1475 2351 1592 2389 refert
1615 2351 1777 2401 Dionys.

346 2413 471 2452 Halic.
487 2428 521 2450 v.
546 2414 728 2452 Dinarchi
751 2417 833 2453 Vol.
856 2415 902 2453 V.
923 2428 959 2465 p.
979 2419 1070 2452 651.
1091 2414 1154 2451 ed.
1177 2414 1308 2451 Reisk.
1328 2416 1418 2451 κατὰ
1438 2413 1655 2463 Λυκούργου
1673 2410 1780 2448 εὐθῦ-

345 2491 418 2519 ναι,
442 2487 528 2524 quoe
550 2475 636 2512 item
658 2477 798 2514 citatur
818 2477 866 2514 ab
887 2477 1076 2525 Harpocr.
1100 2489 1132 2512 V.
1153 2475 1446 2526 Διαγρὰψαντος
1464 2480 1502 2511 et
1522 2473 1644 2523 τρίτον
1657 2471 1778 2523 ἡμιδρ.

347 2535 618 2573 Defensioueui
648 2537 761 2585 hujus
788 2537 1044 2575 accusationis
1071 2536 1232 2576 sortasse
1258 2535 1429 2573 continet
1456 2533 1589 2570 Nostri
1613 2534 1776 2571 Ἀπολο-

345 2599 493 2648 γισμός.
552 2596 648 2632 Nam
674 2598 874 2635 verisimile
898 2598 1060 2643 videtur,
1087 2597 1317 2647 Lycurgum,
1347 2595 1410 2644 qui
1442 2607 1508 2644 per
1538 2594 1632 2630 XII.
1659 2606 1779 2632 annos

345 2662 479 2708 ταμίας
496 2667 560 2703 τῆς
574 2664 690 2702 κοινῆς
703 2659 880 2707 προσόδου
896 2658 1033 2702 fuerat,
1053 2671 1128 2695 non
1145 2657 1260 2694 semel
1275 2655 1341 2693 sed
1363 2655 1421 2692 bis
1443 2655 1628 2692 rationem
1650 2653 1779 2691 reddi-

344 2719 446 2756 disse
467 2718 514 2755 de
537 2730 704 2761 munere,
722 2720 826 2767 quod
849 2719 994 2757 tamdiu
1015 2718 1353 2756 administraverat.
1386 2715 1504 2765 Igitur
1520 2728 1593 2753 non
1613 2715 1778 2753 multum

344 2780 471 2816 tribuo
498 2779 730 2827 conjecturae
759 2779 935 2823 Fabricii,
963 2781 1025 2829 qui
1047 2778 1272 2820 Orationem
1297 2778 1374 2825 περὶ
1397 2775 1601 2821 διοικήσεως
1629 2782 1778 2825 partem

346 2840 458 2887 hujus
484 2840 679 2878 Orationis
705 2852 787 2877 esse
815 2840 1067 2878 existimabat.
1133 2839 1226 2875 Eam
1249 2838 1344 2875 citat
1367 2837 1556 2887 Harpocr.
1577 2849 1612 2873 v.
1633 2835 1775 2885 Δερμα-

343 2903 451 2937 τικὸν.
472 2923 522 2930 --
542 2900 828 2952 Δερματικὸν
861 2902 914 2937 ἂν
943 2902 1011 2946 ε’ίη
1039 2903 1176 2950 (λέγων
1200 2901 1218 2937 ὁ
1241 2898 1459 2947 “Ρὴτωρ>’τὸ
1491 2899 1535 2936 ἐκ
1567 2904 1653 2935 τῶν
1680 2896 1773 2945 δερ-
