1981 3255
736 147 819 188 AD
855 145 1080 187 ISAEUM.

418 277 552 315 ΠΕΡΙ
588 275 697 313 ΤΟΥ
733 271 1142 312 ΝΙΚΟΣΤΡΑΤΟΥ
1177 269 1422 308 ΚΛΗΡΟΥ.

233 356 272 387 P.
292 357 343 387 82.
366 355 427 385 Tit.
451 359 549 384 ’ΥΠΕΡ
577 354 671 395 τον]
711 356 793 383 ΠΕΡΙ
822 357 900 383 Tm*

189 399 230 430 B.
248 399 349 430 Bekk.
364 398 487 428 titulum
503 408 564 427 om.
583 397 629 427 M.

448 470 645 495 ὙΠΟΘΕΣῙΣ.

232 525 270 556 Ρ.
293 527 346 557 82.
364 529 380 556 1
392 523 501 561 ’Ἄγνων
515 521 843 563 -Ἀγνὸθεος]”Ἀγνων
860 538 901 543 —-

192 567 338 605 Ἀγνόθεος
349 568 388 597 B.
401 567 508 597 Bekk.
517 566 623 604 ’Ἄγνων
637 583 679 587 -
691 564 844 604 Ἀγνώθεος
857 564 901 593 Μ.

191 611 243 650 qui
260 611 305 640 sic
319 614 350 640 et
366 610 452 640 infra.
518 609 601 639 Ibid.
618 607 708 648 ὄντες]
728 609 762 641 ὡς
777 607 852 640 ὅντες
866 608 901 636 Β.

192 654 296 684 Bekk.
317 654 352 687 ὡς
367 652 441 686 ὄντος
457 653 505 682 Μ.
572 652 654 682 Ibid.
676 650 901 691 πατραδέλφων]

192 695 450 737 πατραδέλφουΜ.
468 701 499 725 et
516 706 594 725 corr.
608 694 760 725 B.13ekk.
807 696 836 723 3.
853 692 869 722 ὅ
882 692 903 722 ἐ.

193 751 221 770 κ..
237 738 369 774 διαθήκας
383 739 456 769 add.
473 738 502 768 in
519 749 616 778 marg.
635 739 679 767 M.

485 811 617 836 ΛΟΓΟΣ.

238 865 276 896 P.
292 867 344 896 82.
360 866 391 896 5.
407 865 442 899 ὡς
457 865 520 895 οὔτε
533 866 573 895 B.
587 864 637 894 JM.
695 868 725 894 8.
741 875 792 903 μοι
809 863 907 902 συμβ.

195 907 287 949 δοκεῖ]
308 920 359 948 μοι
375 908 473 948 συμβ.
494 907 571 937 δοκεῖ
586 919 638 946 μοι
661 907 700 937 Β.
720 906 818 945 συμβ.
836 906 908 936 δοκεῖ

194 963 245 990 μοι
281 951 383 982 Bekk.
451 955 553 990 antep.
581 951 630 980 τοῦ
657 950 706 991 N.J
733 952 786 979 τᾶν
810 955 843 979 N.
866 949 906 980 B.

196 994 299 1025 Bekk.

238 1037 278 1066 Ρ.
299 1039 352 1067 83.
374 1039 404 1066 2.
428 1034 616 1075 ἁπλούστεξοι
643 1036 690 1065 Μ.
756 1039 785 1066 6.
810 1039 840 1064 et
857 1037 907 1064 17.

195 1079 333 1119 Σμικςοῖι]
348 1077 471 1118 Σμίκςου
480 1078 520 1108 Β.
532 1077 636 1108 Bekk.
689 1077 770 1107 Ibid.
781 1076 904 1117 πατρὸς]

195 1120 360 1160 πνεύματος
386 1121 433 1150 Μ.
500 1124 551 1150 11.
577 1119 666 1159 ὄνομα
690 1120 794 1160 αὐτοῦ]
820 1119 907 1158 ὄνομα

194 1161 339 1203 ωατςόθεν
353 1161 387 1192 τδ
401 1162 472 1193 αὐτὸ
489 1162 530 1193 Β.
546 1163 648 1193 Bekk.
663 1162 751 1201 ὄνομα
764 1162 845 1200 αὑτῷ
861 1163 907 1192 Μ.

197 1206 248 1236 15.
263 1204 311 1237 οἷόν
325 1206 377 1247 τε]
393 1206 494 1236 οἴονται
506 1206 552 1236 Μ.
616 1209 668 1236 21.
684 1205 831 1247 χαλεπόν]
847 1217 907 1246 χιι-

195 1251 291 1283 λεπῶς
312 1248 352 1279 Β.
377 1249 481 1280 Bekk.
544 1249 598 1279 ult.
624 1248 749 1290 τούτοις]
774 1248 908 1278 τουτουσὶ

195 1290 237 1322 Β.
254 1293 301 1323 Μ.
318 1291 422 1322 Bekk.

426 1353 457 1370 ’W

237 1375 277 1406 P.
293 1378 348 1406 84.
366 1379 396 1406 1.
416 1376 451 1406 ὢν
476 1377 522 1406 Μ.
600 1380 632 1408 5.
657 1374 839 1417 ἐμξεβήκασι
863 1377 908 1405 Μ.

195 1421 248 1449 10.
265 1418 336 1460 δύω]
358 1419 403 1449 δύο
419 1419 460 1449 Β.
476 1421 520 1450 Μ.
538 1419 641 1450 Bekk.
708 1419 791 1449 lbid.
814 1418 910 1458 ἑξάκις

196 1460 244 1492 Μ.
291 1465 344 1493 11.
359 1461 501 1503 ἔφόρευσεν
513 1464 560 1493 Μ.
605 1464 658 1493 12.
673 1462 741 1496 υἱοῖς
752 1462 797 1492 Μ.
857 1465 911 1492 14.

196 1503 338 1546 ἐξελέγχῃ
364 1505 406 1536 Β.
429 1504 578 1546 ἐξηλέχθη
606 1505 680 1535 Ald.
750 1508 802 1537 15.
829 1504 909 1535 Νικό-

197 1558 323 1587 στρατον
344 1565 357 1570 -
374 1563 388 1570 -
405 1564 417 1570 -
437 1548 492 1578 uta.
515 1549 596 1588 αὐτῷ’
613 1549 685 1579 add.
703 1548 734 1578 in
748 1558 845 1587 marg.
863 1549 910 1577 Μ.

197 1600 269 1629 pen.
283 1589 373 1621 ἐκείνω
389 1600 437 1630 ρι’.
452 1590 494 1621 Β.

242 1633 281 1664 Ρ.
298 1634 351 1664 85.
376 1636 407 1663 1.
421 1634 471 1663 τοῦ
490 1633 684 1673 Νικοστράτου
704 1644 766 1663 οιιι.
788 1643 835 1671 pr.
859 1632 910 1663 M.

197 1677 231 1706 4.
245 1677 287 1706 τὰ
302 1676 380 1716 Nam]
404 1677 454 1705 τοῦ
471 1683 534 1706 Νικ.
555 1687 602 1715 ρι·.
616 1676 657 1706 Β.
724 1678 755 1707 5.
772 1676 908 1717 ἄξαντες]

197 1717 327 1758 ἀίξαντες
344 1719 384 1749 Β.
399 1718 531 1756 ἀίξαντες
546 1719 592 1749 Μ.
605 1718 726 1758 ᾄξαντες
736 1718 838 1749 Bekk.
880 1721 910 1749 9.

197 1760 350 1799 ἧσθόμενος
364 1772 412 1802 ρι·.
432 1763 478 1791 M.
523 1764 575 1793 10.
592 1760 687 1792 πεδίου
703 1762 750 1792 Μ.
800 1765 852 1792 14.
868 1762 909 1803 ἴῃ]

197 1801 239 1845 ᾔει
255 1803 358 1835 Bekk.
405 1807 469 1842 16„
487 1804 538 1845 πςό
558 1804 588 1835 δὲ
603 1804 710 1835 τούτων
726 1805 766 1836 Β.
777 1828 785 1841 ,
802 1805 868 1845 πρὸς
883 1805 911 1835 δὲ

196 1887 304 1918 τούτων
310 1889 356 1919 Μ.
367 1899 375 1908 ·
388 1888 455 1928 πρὶς
464 1888 571 1919 τούτων
581 1889 655 1920 Ald.
692 1888 854 1920 18.ἕνεσ·τιν
862 1889 912 1920 Μ.

240 1930 280 1961 Ρ.
296 1934 348 1962 86.
364 1934 395 1963 2.
410 1932 470 1972 μὴ]
487 1931 560 1972 μετ’
575 1932 651 1962 A1d.
719 1934 750 1962 6.
767 1931 910 1971 γενομένου

199 1983 247 2012 pr.
261 1974 303 2005 Β.
347 1974 431 2004 Ibid.
449 1973 618 2015 διαθεμένων
628 1984 674 2014 ρι·.
690 1974 730 2004 Β.
774 1978 807 2005 7.
819 1986 912 2014 παρα-

199 2015 352 2055 γενομένοις
373 2027 421 2056 ρι·.
437 2016 478 2047 Β.
545 2020 596 2048 13.
614 2016 847 2056 παραγενομένοις
866 2017 912 2046 Μ.

198 2057 329 2088 17.ἀλλ’
342 2057 389 2089 ἐὰν
402 2076 415 2082 -
431 2076 443 2082 -
459 2077 471 2083 -
487 2059 621 2092 διαθήκας
631 2060 702 2089 add.
714 2059 745 2088 iu
756 2070 852 2098 marg.
867 2061 912 2089 Μ.

198 2102 252 2132 18.
280 2100 319 2142 δ’]
347 2101 377 2133 δὴ
404 2101 508 2132 Bekk.
585 2102 667 2133 Ibid.
687 2100 844 2132 ἐποιήσατε
867 2103 913 2132 Μ.

199 2147 251 2176 19.
266 2145 328 2185 μὴ]
354 2145 427 2175 add.
450 2155 519 2184 sup.
538 2145 593 2175 lin.
616 2156 633 2175 a
655 2155 704 2184 pr.
722 2145 761 2175 B.
783 2144 840 2184 μὲν
861 2145 912 2175 Μ.

814 2190 866 2218 24.
884 2188 912 2217 οὐ

673 2240 744 2269 pen.
769 2229 850 2270 μένον
873 2231 911 2272 οἳ]

199 2188 252 2216 21.
268 2187 331 2226 περὶ
346 2187 417 2218 add.
435 2198 502 2227 sup.
516 2187 573 2217 lin.
595 2198 612 2217 a
634 2198 681 2227 pr.
704 2187 745 2218 B.

197 2227 258 2270 δεῖ]
282 2228 355 2261 οὐδὲν
374 2229 422 2261 δεῖ
446 2230 485 2261 Β.
502 2230 604 2261 Bekk.

935 350 1015 391 μόνον
1031 350 1059 379 οὐ
1073 350 1119 379 Μ.

980 394 1018 424 Ρ.
1036 395 1087 422 87.
1101 395 1132 422 4.
1149 390 1386 430 ἀμφισβητήτως
1403 399 1450 429 ρι·.
1469 388 1507 417 Β.

936 438 983 467 Μ.
1045 438 1075 466 9.
1086 434 1137 475 πρὸ
1151 433 1181 463 δὲ
1202 433 1318 466 τούτους
1334 432 1407 462 Ald.
1469 430 1551 459 Ibid.
1572 429 1610 469 εἰ]
1630 428 1652 457 οῖ

937 490 982 518 ρι’.
999 480 1040 509 Β.
1110 478 1189 508 [bid.
1210 476 1265 516 μὲν
1287 476 1382 515 κατὰ]
1405 473 1459 514 μὲν
1474 474 1497 502 οῖ
1513 474 1592 501 κατὰ
1612 472 1652 501 Β.

937 523 986 553 M.
1003 521 1106 552 Bekk.
1155 523 1205 550 10.
1221 518 1358 552 συνθήκας
1376 519 1418 548 Μ.
1475 518 1527 546 13.
1551 514 1650 554 δήξειν]

1563 576 1580 589 α

938 605 1024 644 δέξειν
1042 606 1081 636 Β.
1099 605 1147 635 M.
1161 603 1264 634 Bekk.
1311 569 1569 642 14.ξι’ροσ·ηκίντων
1582 598 1654 637 σφέ-

939 650 988 688 δξα
1004 650 1042 679 Β.
1112 652 1162 679 18.
1177 645 1294 689 χαρίδου
1308 657 1354 684 pr.
1374 647 1418 674 M.
1486 646 1539 672 ΞΟ.
1556 648 1653 681 ›0³:50—

939 693 1017 731 νόμον
1044 702 1104 721 om.
1141 691 1178 720 B.
1222 691 1264 719 M.
1305 686 1500 729 [κληρονόμον]
1551 686 1653 714 Bekk.

940 742 1043 774 antep.
1079 733 1276 776 ὡμολόγησξν]
1309 731 1503 769 ὢσ-τολὲγησεν
1534 728 1574 758 Β.
1592 727 1653 767 ΓΜ.

940 778 1045 809 Bekk.
1090 788 1160 816 pen.
1176 776 1204 810 ὃς
1219 776 1276 816 τῷ]
1293 775 1362 808 ὥςτε
1378 774 1420 813 τῷ
1436 773 1502 802 εῖναι
1519 771 1568 800 M.

984 821 1022 852 P.
1035 824 1086 852 88.
1106 824 1135 852 2.
1153 819 1320 860 διεχείςησεν
1329 818 1376 847 Μ.
1423 819 1442 847 3
1459 816 1558 846 ταῦτα
1570 813 1653 853 ὑμῖν]

940 866 1037 894 ταῦτα
1058 863 1285 904 μεμαξτύξηται
1308 861 1377 900 ὑμῖν
1393 860 1432 890 Β.
1449 859 1552 888 Bekk.
1623 860 1653 886 4.

941 907 1064 947 ἀνεῖται]
1090 907 1210 947 ἀρνεῖται
1233 905 1272 935 Β.
1294 904 1343 934 M.
1367 903 1470 933 Bekk.
1538 903 1569 930 8.
1589 899 1653 931 Βού-

942 957 1047 981 λωνται
1063 961 1109 991 ρι’.
1126 949 1166 979 Β.
1227 952 1278 978 11.
1295 947 1322 977 δὲ
1338 946 1409 986 τῶν]
1425 945 1453 975 δὲ
1469 955 1530 975 οιιι.
1547 943 1588 974 Β.
1605 943 1655 973 M.

1567 389 1597 416 6.
1617 385 1651 416 ἑνὶ

1113 1033 1194 1064 Ibid.
1211 1007 1360 1072 ὦῖξιῗῖῗιῖ
1375 1029 1424 1060 M.
1493 1031 1545 1060 12.
1557 1026 1654 1067 at...]

1191 1076 1247 1105 un.
1264 1074 1293 1104 δὲ
1309 1074 1399 1114 πολὺ]
1423 1072 1451 1103 δὲ
1469 1082 1528 1101 om.
1550 1070 1590 1100 Β.
1608 1070 1656 1099 M.

943 1034 1045 1064 Bekk.

943 1076 1054 1111 ἐκείνους
1078 1079 1123 1107 Μ.

943 1121 1047 1150 Bekk.

987 1163 1024 1192 P.
1047 1164 1100 1193 89.
1122 1163 1153 1191 3.
1179 1161 1208 1191 δὴ
1229 1158 1320 1199 μήτ’]
1348 1158 1375 1188 δὲ
1398 1156 1473 1197 μήτ’
1493 1157 1534 1187 Β.
1552 1155 1655 1185 Bekk.

943 1208 974 1236 6.
991 1204 1021 1234 τί
1039 1206 1070 1234 ἄν
1086 1204 1132 1244 τι]
1148 1202 1179 1232 τί
1190 1204 1223 1233 ἂν
1238 1203 1286 1231 Μ.
1305 1201 1335 1231 τί
1351 1201 1383 1230 ἂν
1398 1201 1436 1230 εἴη
1455 1198 1557 1229 Bekk.
1623 1201 1656 1227 7.

943 1248 1104 1285 συγγενοῦς.
1123 1246 1190 1286 καὶ]
1216 1246 1367 1283 συγγενοῦς
1391 1240 1584 1282 ψηφίζεσθαι;
1608 1241 1656 1270 καὶ

944 1291 984 1321 Β.
1000 1291 1105 1321 Bekk.
1160 1289 1244 1320 Ibid.
1258 1290 1312 1328 γὰρ
1325 1287 1378 1317 οἵδε
1395 1286 1420 1316 εἷ’
1433 1285 1479 1326 τι]
1492 1287 1546 1324 γὰρ
1562 1284 1584 1312 εἰ
1602 1283 1656 1313 οἵδε

943 1345 973 1363 τι
990 1334 1029 1364 B.
1047 1335 1101 1374 γὰρ
1120 1331 1173 1363 οἷ’δε
1192 1344 1222 1362 τι
1240 1331 1289 1361 Μ.
1303 1333 1360 1370 γὰρ
1383 1330 1408 1359 εἷ’
1424 1341 1454 1358 τι
1479 1327 1532 1358 οἵδε
1554 1326 1658 1356 Bekk.

944 1379 975 1408 9.
998 1376 1138 1417 ἐγένοντο]
1159 1375 1268 1414 ἐγένετο
1282 1374 1330 1404 M.
1345 1372 1451 1403 Bekk.
1519 1372 1570 1401 12.
1585 1381 1657 1408 συγ-

943 1421 1019 1458 γενὴς
1036 1420 1084 1450 Μ.
1135 1421 1189 1449 13.
1204 1416 1308 1457 ἕτερον]
1324 1415 1408 1455 ἕτεξοι
1424 1416 1464 1446 Β.
1482 1414 1532 1445 Μ.
1551 1413 1659 1444 Bekk.

946 1465 997 1494 19.
1009 1461 1162 1504 Xagwfflov]
1177 1460 1314 1502 Χαςιάδην
1325 1459 1364 1490 Β.
1376 1459 1480 1490 Bekk.
1536 1467 1608 1498 pen.
1627 1461 1660 1486 et

944 1507 1000 1536 ult.
1016 1506 1049 1536 τὸ
1064 1517 1127 1536 om.
1145 1506 1191 1535 M.

988 1549 1026 1579 P.
1050 1551 1103 1580 90.
1127 1551 1157 1579 2.
1181 1545 1320 1587 Σμικξοῦ]
1343 1543 1466 1585 Σμίκξου
1491 1543 1531 1574 Β.
1555 1543 1660 1572 Bekk.

943 1590 1040 1633 μικρὲν
1058 1592 1106 1622 M.
1123 1591 1224 1631 μικροῦ
1240 1589 1315 1619 Ald.
1382 1592 1414 1620 5.
1438 1584 1661 1625 ἔπιδικασμένου

945 1636 995 1666 Μ.
1041 1637 1073 1665 6.
1088 1634 1137 1676 τὸ]
1151 1634 1223 1664 add.
1238 1643 1306 1672 sup.
1319 1631 1373 1662 lin.
1388 1642 1405 1662 a
1416 1641 1466 1670 pr.
1480 1630 1519 1660 B.
1536 1640 1597 1659 om.
1614 1630 1660 1659 M.

1273 1678 1303 1705 8.
1329 1672 1475 1714 παρέσχον
1490 1673 1541 1703 M.
1609 1674 1660 1702 10.

945 1720 1040 1751 ἐκεῖνοι
1063 1722 1102 1750 B.
1130 1720 1177 1750 M.
1246 1721 1299 1749 12.
1325 1718 1376 1748 οὐδ’
1393 1716 1491 1746 ἐνθάδε
1515 1714 1584 1756 οὐδ’]
1608 1714 1662 1745 οὐδ’

946 1763 1047 1794 ἐνθάδε
1064 1762 1122 1793 οὔτ’
1139 1764 1178 1793 Β.
1195 1761 1254 1792 οὔτ’
1268 1760 1362 1792 ἐνθάδε
1375 1758 1434 1790 οὔτ’
1451 1758 1557 1789 Bekk.
1609 1761 1662 1790 14.

947 1806 1155 1848 διισχυρίζεται
1169 1816 1217 1845 pr.
1234 1806 1280 1835 M.
1349 1806 1401 1834 17.
1417 1802 1464 1833 ἤδη
1482 1801 1549 1842 καὶ]
1566 1799 1615 1832 ἤδη
1631 1812 1662 1830 τι

947 1849 995 1881 καὶ
1013 1852 1050 1879 Β.
1068 1850 1173 1880 Bekk.
1220 1850 1272 1879 18.
1290 1847 1377 1881 ἄλλος
1392 1846 1442 1877 Μ.
1487 1855 1561 1884 peu.
1578 1845 1662 1875 τοῦτο
1678 1866 1682 1869 .

947 1891 1115 1934 ἀφαιρεθεὶς]
1132 1892 1199 1921 τότε
1216 1890 1243 1921 δὲ
1260 1890 1380 1930 ἀφεθεὶς
1397 1891 1434 1919 Β.
1451 1888 1555 1918 Bekk.

991 1937 1030 1965 P.
1044 1938 1097 1965 91.
1116 1939 1146 1966 2.
1163 1934 1227 1974 καὶ]
1251 1933 1320 1962 ἀλλ’
1334 1932 1384 1963 M.
1451 1933 1481 1961 5.
1499 1932 1572 1961 πλὴν
1588 1928 1662 1969 εἴτε]

948 1979 1020 2008 πλὴν
1035 1978 1101 2007 εἴτι
1113 1977 1152 2007 Β.
1169 1977 1219 2006 M.
1240 1976 1342 2006 Bekk.
1389 1978 1419 2006 8.
1436 1974 1518 2003 δώσει
1532 1972 1604 2003 δίκην
1614 1972 1664 2002 jM.

950 2024 979 2052 9.
993 2020 1032 2062 εἰ]
1049 2020 1071 2050 οἳ
1086 2031 1135 2060 ρι·.
1151 2020 1189 2050 Β.
1258 2021 1307 2049 12.
1325 2017 1428 2057 τοῦτο]
1447 2017 1546 2046 τοῦτον
1561 2017 1600 2046 Β.
1618 2016 1664 2044 M.

944 1680 977 1708 7.
995 1675 1037 1707 οἶν
1060 1688 1119 1708 οιιι.
1147 1678 1191 1707 M.

949 2104 1052 2134 Bekk.
1110 2103 1192 2133 lbid.
1209 2102 1308 2137 ἄλλως
1324 2102 1373 2132 Μ.
1441 2104 1494 2131 14.
1507 2056 1664 2130 ποιήσῃ-ἷξε

949 2147 997 2178 Μ.
1065 2146 1149 2177 Ibid.
1168 2147 1209 2175 τὰ
1225 2145 1366 2185 ἀλλότρια
1388 2155 1436 2184 ρι’.
1453 2144 1493 2174 Β.
1560 2147 1665 2181 antep-

999 2208 1015 2221 0

949 2232 1096 2270 ὢμώσατε
1113 2231 1159 2261 Μ.
1206 2230 1262 2260 ult.
1274 2228 1443 2269 ψηφίσησθε
1459 2229 1504 2259 Μ.

414 2337 549 2375 ΠΕΡΙ
583 2336 693 2375 ΤΟΥ
725 2306 1171 2376 ΔΙΚΑΙΟΓΕΝΟΥΣ
1204 2336 1452 2375 ΚΛΗΡΟΥ.

242 2413 283 2444 Ρ.
298 2417 351 2446 92.
364 2413 426 2445 Tit.
443 2420 526 2445 ΠΕΡΙ
542 2420 620 2445 ΤοΎ·
639 2420 911 2453 ΔιΚΑιοΓΕΝοΎΣ

200 2457 364 2499 ΚΛΗΡΟΥ]
386 2463 483 2488 ΠΡΟΣ
505 2463 692 2488 ΛΕΩΧΑΡῙΝ
712 2466 773 2489 ΚΑΙ
790 2464 912 2489 ΔΙΟΓΕ·

199 2503 269 2529 ΝΗΝ
283 2510 331 2540 pr.
346 2506 441 2532 ΠΡΟΣ
461 2507 659 2531 ΛΕΩΧΑΡΗΝ
683 2508 745 2531 ΚΑΙ
771 2508 913 2532 ΔΙΚΑΙΟ-

203 2547 313 2574 ΓΕΝΗΝ
329 2553 412 2574 corr.
427 2544 468 2574 B.
482 2555 543 2574 om.
560 2545 608 2574 M.

454 2609 653 2634 ΎΠΟΘΕΣΙΣ.

244 2660 282 2692 P.
302 2663 355 2693 92.
371 2664 403 2694 2.
428 2661 547 2701 διογένης
567 2673 614 2702 ρι’.
639 2662 691 2702 qui
713 2661 760 2693 sio
787 2662 914 2702 ubique,

205 2703 274 2739 etsi,
288 2709 323 2734 ut
343 2709 374 2735 et
388 2705 451 2742 hic,
467 2706 576 2736 multis
602 2705 682 2735 locis
705 2716 752 2735 και
776 2715 843 2745 sup.
860 2706 913 2736 lin.

205 2745 276 2776 add.
298 2748 345 2778 M.
395 2748 469 2778 ibid.
489 2749 594 2790 αὐτοῦ]
612 2749 699 2779 αὐτοῦ
716 2749 766 2779 τοῦ
783 2748 823 2778 Β.
882 2751 913 2779 6.

208 2786 324 2826 διογένην
338 2800 386 2829 ρι·.
402 2790 444 2821 Β.
507 2797 609 2831 antep.
626 2790 847 2831 ἔγγυασαμένου
867 2792 914 2822 M.

203 2840 274 2870 pen.
290 2833 429 2875 λιῶχαριν
446 2845 491 2875 ρι·.
508 2835 560 2874 qui
576 2835 621 2865 sic
637 2835 762 2874 passim.

487 2898 618 2925 ΛΟΓΟΣ.

243 2950 283 2980 P.
296 2952 348 2982 92.
367 2942 395 2982 1'.
417 2951 547 2991 μένω.
563 2964 613 2993 pr.
629 2953 669 2984 B.
734 2953 919 2993 mmm...-

1195 2418 1213 2428 n

947 2415 1061 2456 ξόμεξᾶα
1085 2415 1125 2446 Β.
1194 2429 1226 2446 0.
1251 2415 1330 2456 κύςια
1352 2413 1531 2453 γενήσεσθαι,
1559 2412 1667 2443 sedin

947 2469 1045 2497 marg.
1064 2460 1132 2498 ἡμῖν
1148 2457 1284 2494 ἔσεσθαι,
1300 2459 1348 2488 Μ.

991 2501 1029 2532 P.
1049 2503 1102 2532 93.
1118 2503 1149 2532 3.
1167 2507 1389 2532 ΑΝΤΩΜοΣιΑ
1406 2510 1466 2530 om.
1484 2500 1530 2529 M.
1586 2501 1617 2529 7.
1636 2505 1666 2529 et

948 2549 1051 2584 antep.
1068 2543 1249 2585 ἓγγυὴσατο]
1277 2543 1466 2583 ἔνεγγυῖισατο
1490 2553 1538 2581 ρι·.
1555 2541 1664 2580 ἔνεγυή-

947 2598 1024 2617 σατο
1040 2598 1121 2619 corr.
1138 2587 1179 2617 Β.
1196 2587 1301 2617 Bekk.
1358 2589 1388 2617 9.
1405 2587 1440 2619 ὡς
1455 2584 1525 2626 μὲν]
1542 2587 1599 2614 τῶν
1609 2583 1664 2623 μὲν

948 2629 988 2660 Β.
1006 2631 1110 2661 Bekk.
1157 2629 1329 2671 11.τξέψω]
1346 2628 1488 2670 τρέψεται
1505 2628 1545 2658 B.
1560 2628 1663 2658 Bekk.

948 2672 1036 2716 τρέψε
1060 2675 1105 2704 Μ.
1174 2677 1225 2705 17.
1241 2672 1399 2704 κεκτῆσθαι
1420 2673 1520 2703 ταῦτα
1545 2671 1592 2701 καὶ
1616 2671 1663 2700 Μ.

948 2777 1000 2805 20.
1016 2741 1185 2815 ὁῗιενεξένου
1197 2749 1474 2804 ὦναιιατὲλιωενγτᾰ
1491 2771 1530 2801 Β.
1576 2769 1658 2799 Ibid.

947 2837 1000 2858 προ

946 2860 1088 2900 μενεξένου
1099 2862 1145 2892 Μ.

992 2953 1028 2984 Ρ.
1041 2955 1134 2984 94.1.
1153 2956 1373 2982 ΑΝΤΩΜοΣιΑ
1387 2961 1445 2980 mn.
1464 2950 1506 2979 Μ.
1552 2952 1583 2979 Q.
1596 2948 1657 2978 τού-
