<?xml version="1.0" encoding="UTF-8"?>
<!DOCTYPE html PUBLIC "-//W3C//DTD XHTML 1.0 Transitional//EN"
    "http://www.w3.org/TR/xhtml1/DTD/xhtml1-transitional.dtd">
<html xmlns="http://www.w3.org/1999/xhtml" xml:lang="en" lang="en">
 <head>
  <title>
</title>
<meta http-equiv="Content-Type" content="text/html;charset=utf-8" />
  <meta name='ocr-system' content='tesseract 3.04.00' />
  <meta name='ocr-capabilities' content='ocr_page ocr_carea ocr_par ocr_line ocrx_word'/>
</head>
<body>
  <div class='ocr_page' id='page_1' title='image "./oratoresatticie04dobs/oratoresatticie04dobs_0603.png"; bbox 0 0 1981 3255; ppageno 0'>
   <div class='ocr_carea' id='block_1_1' title="bbox 620 132 1608 175">
    <p class='ocr_par' dir='ltr' id='par_1_1' title="bbox 620 132 1608 175">
     <span class='ocr_line' id='line_1_1' title="bbox 620 132 1608 175; baseline -0.003 0"><span class='ocrx_word' id='word_1_1' title='bbox 620 134 691 175; x_wconf 90' lang='lat' dir='ltr'>ET</span> <span class='ocrx_word' id='word_1_2' title='bbox 722 132 858 175; x_wconf 82' lang='lat' dir='ltr'><strong>EJUS</strong></span> <span class='ocrx_word' id='word_1_3' title='bbox 893 132 1174 174; x_wconf 79' lang='lat' dir='ltr'>SCRIPTIS.</span> <span class='ocrx_word' id='word_1_4' title='bbox 1530 132 1608 173; x_wconf 70' lang='lat'>567</span> 
     </span>
    </p>
   </div>
   <div class='ocr_carea' id='block_1_2' title="bbox 185 247 1619 1692">
    <p class='ocr_par' dir='ltr' id='par_1_2' title="bbox 186 247 1617 540">
     <span class='ocr_line' id='line_1_2' title="bbox 187 247 1612 298; baseline 0 -13"><span class='ocrx_word' id='word_1_5' title='bbox 187 247 309 285; x_wconf 86' lang='lat' dir='ltr'>aetatis</span> <span class='ocrx_word' id='word_1_6' title='bbox 329 248 511 286; x_wconf 89' lang='lat' dir='ltr'><strong>LXXVI.</strong></span> <span class='ocrx_word' id='word_1_7' title='bbox 547 247 775 296; x_wconf 88' lang='lat' dir='ltr'>Commodo,</span> <span class='ocrx_word' id='word_1_8' title='bbox 797 253 838 284; x_wconf 93' lang='lat' dir='ltr'>ut</span> <span class='ocrx_word' id='word_1_9' title='bbox 855 247 1041 284; x_wconf 88' lang='lat' dir='ltr'>credibile</span> <span class='ocrx_word' id='word_1_10' title='bbox 1061 248 1228 296; x_wconf 83' lang='lat' dir='ltr'>est,jam</span> <span class='ocrx_word' id='word_1_11' title='bbox 1249 248 1481 298; x_wconf 89' lang='lat' dir='ltr'>imperante;</span> <span class='ocrx_word' id='word_1_12' title='bbox 1512 247 1612 285; x_wconf 90' lang='lat' dir='ltr'>unde</span> 
     </span>
     <span class='ocr_line' id='line_1_3' title="bbox 187 307 1614 357; baseline 0 -13"><span class='ocrx_word' id='word_1_13' title='bbox 187 315 297 346; x_wconf 86' lang='lat' dir='ltr'>natus</span> <span class='ocrx_word' id='word_1_14' title='bbox 316 308 506 357; x_wconf 87' lang='lat' dir='ltr'>colligitur</span> <span class='ocrx_word' id='word_1_15' title='bbox 531 307 663 357; x_wconf 85' lang='lat' dir='ltr'>primis</span> <span class='ocrx_word' id='word_1_16' title='bbox 681 307 840 357; x_wconf 85' lang='lat' dir='ltr'>Trajani</span> <span class='ocrx_word' id='word_1_17' title='bbox 870 307 1107 356; x_wconf 89' lang='lat' dir='ltr'>imperatoris</span> <span class='ocrx_word' id='word_1_18' title='bbox 1136 308 1271 346; x_wconf 67' lang='lat' dir='ltr'>annis.⁴</span> <span class='ocrx_word' id='word_1_19' title='bbox 1326 309 1424 346; x_wconf 88' lang='lat' dir='ltr'>Nam</span> <span class='ocrx_word' id='word_1_20' title='bbox 1445 308 1614 357; x_wconf 87' lang='lat' dir='ltr'>juvenis,</span> 
     </span>
     <span class='ocr_line' id='line_1_4' title="bbox 186 367 1617 418; baseline 0 -12"><span class='ocrx_word' id='word_1_21' title='bbox 186 369 223 405; x_wconf 87' lang='lat' dir='ltr'>in</span> <span class='ocrx_word' id='word_1_22' title='bbox 238 369 433 406; x_wconf 88' lang='lat' dir='ltr'>Pannonia</span> <span class='ocrx_word' id='word_1_23' title='bbox 449 368 619 405; x_wconf 90' lang='lat' dir='ltr'>dicturus</span> <span class='ocrx_word' id='word_1_24' title='bbox 639 381 766 405; x_wconf 89' lang='lat' dir='ltr'>coram</span> <span class='ocrx_word' id='word_1_25' title='bbox 785 367 1028 418; x_wconf 83' lang='lat' dir='ltr'>imperatore,</span> <span class='ocrx_word' id='word_1_26' title='bbox 1043 367 1257 418; x_wconf 85' lang='lat' dir='ltr'>Hadriano,</span> <span class='ocrx_word' id='word_1_27' title='bbox 1274 382 1388 418; x_wconf 88' lang='lat' dir='ltr'>quum</span> <span class='ocrx_word' id='word_1_28' title='bbox 1410 369 1617 407; x_wconf 86' lang='lat' dir='ltr'>excidisset</span> 
     </span>
     <span class='ocr_line' id='line_1_5' title="bbox 187 428 1617 478; baseline 0.001 -11"><span class='ocrx_word' id='word_1_29' title='bbox 187 436 225 473; x_wconf 87' lang='lat' dir='ltr'>et</span> <span class='ocrx_word' id='word_1_30' title='bbox 245 430 423 467; x_wconf 88' lang='lat' dir='ltr'>memoria</span> <span class='ocrx_word' id='word_1_31' title='bbox 446 429 575 478; x_wconf 87' lang='lat' dir='ltr'>lapsus</span> <span class='ocrx_word' id='word_1_32' title='bbox 601 435 712 473; x_wconf 86' lang='lat' dir='ltr'>esset,</span> <span class='ocrx_word' id='word_1_33' title='bbox 741 434 848 466; x_wconf 88' lang='lat' dir='ltr'>tanto</span> <span class='ocrx_word' id='word_1_34' title='bbox 873 428 988 466; x_wconf 84' lang='lat' dir='ltr'>taedio</span> <span class='ocrx_word' id='word_1_35' title='bbox 1013 428 1175 466; x_wconf 85' lang='lat' dir='ltr'>affectus</span> <span class='ocrx_word' id='word_1_36' title='bbox 1200 428 1337 474; x_wconf 82' lang='lat' dir='ltr'>fuerat,</span> <span class='ocrx_word' id='word_1_37' title='bbox 1360 436 1400 467; x_wconf 92' lang='lat' dir='ltr'>ut</span> <span class='ocrx_word' id='word_1_38' title='bbox 1427 430 1464 467; x_wconf 91' lang='lat' dir='ltr'>in</span> <span class='ocrx_word' id='word_1_39' title='bbox 1484 431 1617 468; x_wconf 90' lang='lat' dir='ltr'>Danu-</span> 
     </span>
     <span class='ocr_line' id='line_1_6' title="bbox 189 489 1547 540; baseline 0.001 -14"><span class='ocrx_word' id='word_1_40' title='bbox 189 490 291 527; x_wconf 87' lang='lat' dir='ltr'>bium</span> <span class='ocrx_word' id='word_1_41' title='bbox 308 489 545 539; x_wconf 88' lang='lat' dir='ltr'>praecipitare</span> <span class='ocrx_word' id='word_1_42' title='bbox 565 503 603 526; x_wconf 92' lang='lat' dir='ltr'>se</span> <span class='ocrx_word' id='word_1_43' title='bbox 624 490 798 528; x_wconf 90' lang='lat' dir='ltr'>voluerit.</span> <span class='ocrx_word' id='word_1_44' title='bbox 818 492 870 537; x_wconf 90' lang='lat' dir='ltr'>(v.</span> <span class='ocrx_word' id='word_1_45' title='bbox 892 489 1111 527; x_wconf 90' lang='lat' dir='ltr'>Philostrat.</span> <span class='ocrx_word' id='word_1_46' title='bbox 1132 489 1169 526; x_wconf 90' lang='lat' dir='ltr'>in</span> <span class='ocrx_word' id='word_1_47' title='bbox 1190 489 1359 535; x_wconf 87' lang='lat' dir='ltr'>Herode,</span> <span class='ocrx_word' id='word_1_48' title='bbox 1380 504 1417 539; x_wconf 91' lang='lat' dir='ltr'>p.</span> <span class='ocrx_word' id='word_1_49' title='bbox 1439 493 1547 540; x_wconf 82' lang='lat'>565.)</span> 
     </span>
    </p>

    <p class='ocr_par' dir='ltr' id='par_1_3' title="bbox 185 550 1619 1692">
     <span class='ocr_line' id='line_1_7' title="bbox 241 550 1617 600; baseline 0.001 -13"><span class='ocrx_word' id='word_1_50' title='bbox 241 550 394 600; x_wconf 85' lang='lat' dir='ltr'>Scripta</span> <span class='ocrx_word' id='word_1_51' title='bbox 421 550 506 598; x_wconf 89' lang='lat' dir='ltr'>ejus</span> <span class='ocrx_word' id='word_1_52' title='bbox 533 564 554 587; x_wconf 89' lang='lat' dir='ltr'>a</span> <span class='ocrx_word' id='word_1_53' title='bbox 583 551 815 588; x_wconf 84' lang='lat' dir='ltr'>Philostrato</span> <span class='ocrx_word' id='word_1_54' title='bbox 844 557 1099 588; x_wconf 84' lang='lat' dir='ltr'>memorantur</span> <span class='ocrx_word' id='word_1_55' title='bbox 1118 552 1300 596; x_wconf 77' lang='grc' dir='ltr'>Διαλέξεις</span> <span class='ocrx_word' id='word_1_56' title='bbox 1327 550 1405 587; x_wconf 92' lang='lat' dir='ltr'>sive</span> <span class='ocrx_word' id='word_1_57' title='bbox 1434 551 1617 589; x_wconf 79' lang='lat' dir='ltr'>disserta-</span> 
     </span>
     <span class='ocr_line' id='line_1_8' title="bbox 189 610 1618 662; baseline 0.002 -16"><span class='ocrx_word' id='word_1_58' title='bbox 189 610 323 655; x_wconf 74' lang='lat' dir='ltr'>tiones,</span> <span class='ocrx_word' id='word_1_59' title='bbox 344 610 614 660; x_wconf 86' lang='lat' dir='ltr'>philosophici,</span> <span class='ocrx_word' id='word_1_60' title='bbox 638 617 677 648; x_wconf 90' lang='lat' dir='ltr'>ut</span> <span class='ocrx_word' id='word_1_61' title='bbox 698 610 787 647; x_wconf 86' lang='lat' dir='ltr'>mihi</span> <span class='ocrx_word' id='word_1_62' title='bbox 808 610 1033 660; x_wconf 87' lang='lat' dir='ltr'>persuadeo,</span> <span class='ocrx_word' id='word_1_63' title='bbox 1054 611 1297 660; x_wconf 82' lang='lat' dir='ltr'>argumenti,⁵</span> <span class='ocrx_word' id='word_1_64' title='bbox 1314 617 1354 648; x_wconf 89' lang='lat' dir='ltr'>et</span> <span class='ocrx_word' id='word_1_65' title='bbox 1369 611 1618 662; x_wconf 82' lang='grc' dir='ltr'><strong><em>Ἐφημερίδες,</em></strong></span> 
     </span>
     <span class='ocr_line' id='line_1_9' title="bbox 188 669 1619 722; baseline 0.001 -14"><span class='ocrx_word' id='word_1_66' title='bbox 188 669 330 717; x_wconf 81' lang='lat' dir='ltr'>diaria,</span> <span class='ocrx_word' id='word_1_67' title='bbox 363 671 489 708; x_wconf 84' lang='lat' dir='ltr'>Suidae</span> <span class='ocrx_word' id='word_1_68' title='bbox 520 671 634 708; x_wconf 79' lang='lat' dir='ltr'>etiam</span> <span class='ocrx_word' id='word_1_69' title='bbox 667 677 842 721; x_wconf 83' lang='lat' dir='ltr'>tanquam</span> <span class='ocrx_word' id='word_1_70' title='bbox 875 672 1104 722; x_wconf 76' lang='grc' dir='ltr'>σύγγραμμα</span> <span class='ocrx_word' id='word_1_71' title='bbox 1136 670 1352 722; x_wconf 63' lang='grc' dir='ltr'>πολυμαθὲς</span> <span class='ocrx_word' id='word_1_72' title='bbox 1381 671 1548 717; x_wconf 80' lang='lat' dir='ltr'>laudata,</span> <span class='ocrx_word' id='word_1_73' title='bbox 1580 680 1619 710; x_wconf 89' lang='lat' dir='ltr'>et</span> 
     </span>
     <span class='ocr_line' id='line_1_10' title="bbox 187 730 1617 783; baseline 0.001 -15"><span class='ocrx_word' id='word_1_74' title='bbox 187 730 387 782; x_wconf 78' lang='grc' dir='ltr'>ἐγχειρίδια</span> <span class='ocrx_word' id='word_1_75' title='bbox 407 735 541 782; x_wconf 80' lang='grc' dir='ltr'>καίρια,</span> <span class='ocrx_word' id='word_1_76' title='bbox 564 733 629 776; x_wconf 85' lang='grc' dir='ltr'>τὴν</span> <span class='ocrx_word' id='word_1_77' title='bbox 647 731 813 782; x_wconf 73' lang='grc' dir='ltr'>ἀρχαίαν</span> <span class='ocrx_word' id='word_1_78' title='bbox 839 731 1098 782; x_wconf 62' lang='grc' dir='ltr'>πολυμάθειαν</span> <span class='ocrx_word' id='word_1_79' title='bbox 1117 732 1156 769; x_wconf 82' lang='grc' dir='ltr'>ἐν</span> <span class='ocrx_word' id='word_1_80' title='bbox 1175 730 1312 783; x_wconf 79' lang='grc' dir='ltr'>βραχεῖ</span> <span class='ocrx_word' id='word_1_81' title='bbox 1337 731 1617 782; x_wconf 63' lang='grc' dir='ltr'>α’πηνθισμένα,</span> 
     </span>
     <span class='ocr_line' id='line_1_11' title="bbox 188 791 1618 843; baseline 0.001 -15"><span class='ocrx_word' id='word_1_82' title='bbox 188 791 377 830; x_wconf 82' lang='lat' dir='ltr'>manualia</span> <span class='ocrx_word' id='word_1_83' title='bbox 396 797 628 843; x_wconf 81' lang='lat' dir='ltr'>opportuna,</span> <span class='ocrx_word' id='word_1_84' title='bbox 652 791 750 829; x_wconf 80' lang='lat' dir='ltr'>velut</span> <span class='ocrx_word' id='word_1_85' title='bbox 761 791 913 842; x_wconf 82' lang='lat' dir='ltr'>florum</span> <span class='ocrx_word' id='word_1_86' title='bbox 940 805 983 829; x_wconf 72' lang='lat' dir='ltr'>ex</span> <span class='ocrx_word' id='word_1_87' title='bbox 1009 791 1162 830; x_wconf 81' lang='lat' dir='ltr'>erudita</span> <span class='ocrx_word' id='word_1_88' title='bbox 1181 793 1414 843; x_wconf 79' lang='lat' dir='ltr'>antiquitate</span> <span class='ocrx_word' id='word_1_89' title='bbox 1435 792 1618 830; x_wconf 79' lang='lat' dir='ltr'>delibato-</span> 
     </span>
     <span class='ocr_line' id='line_1_12' title="bbox 187 852 1616 904; baseline 0.001 -15"><span class='ocrx_word' id='word_1_90' title='bbox 187 865 272 890; x_wconf 86' lang='lat' dir='ltr'>rum</span> <span class='ocrx_word' id='word_1_91' title='bbox 305 853 430 892; x_wconf 80' lang='lat' dir='ltr'>selecti</span> <span class='ocrx_word' id='word_1_92' title='bbox 456 853 610 904; x_wconf 83' lang='lat' dir='ltr'>quidam</span> <span class='ocrx_word' id='word_1_93' title='bbox 625 852 823 904; x_wconf 82' lang='lat' dir='ltr'>fasciculi.</span> <span class='ocrx_word' id='word_1_94' title='bbox 887 853 1005 891; x_wconf 90' lang='lat' dir='ltr'>Hisce</span> <span class='ocrx_word' id='word_1_95' title='bbox 1034 854 1208 891; x_wconf 90' lang='lat' dir='ltr'>omnibus</span> <span class='ocrx_word' id='word_1_96' title='bbox 1241 853 1466 903; x_wconf 86' lang='lat' dir='ltr'>deperditis,</span> <span class='ocrx_word' id='word_1_97' title='bbox 1495 867 1542 891; x_wconf 91' lang='lat' dir='ltr'>ne</span> <span class='ocrx_word' id='word_1_98' title='bbox 1571 867 1616 892; x_wconf 86' lang='lat' dir='ltr'>ex</span> 
     </span>
     <span class='ocr_line' id='line_1_13' title="bbox 189 914 1617 965; baseline 0.001 -14"><span class='ocrx_word' id='word_1_99' title='bbox 189 914 440 952; x_wconf 86' lang='lat' dir='ltr'>Orationibus</span> <span class='ocrx_word' id='word_1_100' title='bbox 466 915 620 964; x_wconf 83' lang='lat' dir='ltr'>quidem</span> <span class='ocrx_word' id='word_1_101' title='bbox 648 914 730 963; x_wconf 88' lang='lat' dir='ltr'>ejus</span> <span class='ocrx_word' id='word_1_102' title='bbox 757 914 899 964; x_wconf 89' lang='lat' dir='ltr'>aliqua,</span> <span class='ocrx_word' id='word_1_103' title='bbox 921 928 1045 965; x_wconf 90' lang='lat' dir='ltr'>neque</span> <span class='ocrx_word' id='word_1_104' title='bbox 1072 929 1118 952; x_wconf 86' lang='lat' dir='ltr'>ex</span> <span class='ocrx_word' id='word_1_105' title='bbox 1145 915 1502 960; x_wconf 87' lang='lat' dir='ltr'>declamationibus,</span> <span class='ocrx_word' id='word_1_106' title='bbox 1522 928 1617 965; x_wconf 87' lang='lat' dir='ltr'>quas</span> 
     </span>
     <span class='ocr_line' id='line_1_14' title="bbox 188 974 1617 1027; baseline 0 -15"><span class='ocrx_word' id='word_1_107' title='bbox 188 975 543 1027; x_wconf 60' lang='grc' dir='ltr'>αὖτοσχεὸἱουςζεὶνε</span> <span class='ocrx_word' id='word_1_108' title='bbox 566 974 846 1025; x_wconf 80' lang='lat' dir='ltr'>extemporales</span> <span class='ocrx_word' id='word_1_109' title='bbox 867 981 907 1012; x_wconf 91' lang='lat' dir='ltr'>et</span> <span class='ocrx_word' id='word_1_110' title='bbox 931 975 1129 1012; x_wconf 87' lang='lat' dir='ltr'>meditatas</span> <span class='ocrx_word' id='word_1_111' title='bbox 1150 975 1285 1012; x_wconf 90' lang='lat' dir='ltr'>habuit</span> <span class='ocrx_word' id='word_1_112' title='bbox 1308 975 1520 1025; x_wconf 82' lang='lat' dir='ltr'>plurimas‚⁶</span> <span class='ocrx_word' id='word_1_113' title='bbox 1540 975 1617 1013; x_wconf 86' lang='lat' dir='ltr'>ulla</span> 
     </span>
     <span class='ocr_line' id='line_1_15' title="bbox 187 1035 1616 1087; baseline 0.001 -15"><span class='ocrx_word' id='word_1_114' title='bbox 187 1035 277 1073; x_wconf 91' lang='lat' dir='ltr'>tulit</span> <span class='ocrx_word' id='word_1_115' title='bbox 301 1042 464 1080; x_wconf 84' lang='lat' dir='ltr'>aetatem,</span> <span class='ocrx_word' id='word_1_116' title='bbox 489 1043 648 1085; x_wconf 83' lang='lat' dir='ltr'>excepta</span> <span class='ocrx_word' id='word_1_117' title='bbox 675 1038 797 1080; x_wconf 87' lang='lat' dir='ltr'>unica,</span> <span class='ocrx_word' id='word_1_118' title='bbox 825 1049 911 1087; x_wconf 88' lang='lat' dir='ltr'>quae</span> <span class='ocrx_word' id='word_1_119' title='bbox 930 1038 1008 1087; x_wconf 84' lang='grc' dir='ltr'>περὶ</span> <span class='ocrx_word' id='word_1_120' title='bbox 1027 1036 1228 1081; x_wconf 82' lang='grc' dir='ltr'>πολιτείας,</span> <span class='ocrx_word' id='word_1_121' title='bbox 1252 1035 1296 1074; x_wconf 86' lang='lat' dir='ltr'>de</span> <span class='ocrx_word' id='word_1_122' title='bbox 1318 1036 1540 1085; x_wconf 81' lang='lat' dir='ltr'>Republica,</span> <span class='ocrx_word' id='word_1_123' title='bbox 1560 1036 1616 1073; x_wconf 90' lang='lat' dir='ltr'>in-</span> 
     </span>
     <span class='ocr_line' id='line_1_16' title="bbox 187 1096 1616 1145; baseline 0.001 -12"><span class='ocrx_word' id='word_1_124' title='bbox 187 1096 378 1142; x_wconf 87' lang='lat' dir='ltr'>scribitur,</span> <span class='ocrx_word' id='word_1_125' title='bbox 401 1103 439 1134; x_wconf 92' lang='lat' dir='ltr'>et</span> <span class='ocrx_word' id='word_1_126' title='bbox 456 1104 674 1145; x_wconf 83' lang='lat' dir='ltr'>comparata</span> <span class='ocrx_word' id='word_1_127' title='bbox 695 1104 752 1134; x_wconf 86' lang='lat' dir='ltr'>est</span> <span class='ocrx_word' id='word_1_128' title='bbox 771 1097 818 1134; x_wconf 87' lang='lat' dir='ltr'>ad</span> <span class='ocrx_word' id='word_1_129' title='bbox 841 1097 1079 1134; x_wconf 90' lang='lat' dir='ltr'>suadendum</span> <span class='ocrx_word' id='word_1_130' title='bbox 1105 1097 1312 1143; x_wconf 88' lang='lat' dir='ltr'>Thebanis,</span> <span class='ocrx_word' id='word_1_131' title='bbox 1334 1103 1375 1133; x_wconf 90' lang='lat' dir='ltr'>ut</span> <span class='ocrx_word' id='word_1_132' title='bbox 1394 1097 1616 1135; x_wconf 87' lang='lat' dir='ltr'>societatem</span> 
     </span>
     <span class='ocr_line' id='line_1_17' title="bbox 187 1157 1617 1207; baseline 0.001 -13"><span class='ocrx_word' id='word_1_133' title='bbox 187 1170 272 1195; x_wconf 89' lang='lat' dir='ltr'>cum</span> <span class='ocrx_word' id='word_1_134' title='bbox 291 1157 576 1207; x_wconf 87' lang='lat' dir='ltr'>Peloponnesiis</span> <span class='ocrx_word' id='word_1_135' title='bbox 591 1171 635 1195; x_wconf 90' lang='lat' dir='ltr'>ac</span> <span class='ocrx_word' id='word_1_136' title='bbox 652 1158 952 1195; x_wconf 80' lang='lat' dir='ltr'>Lacedaemoniis</span> <span class='ocrx_word' id='word_1_137' title='bbox 972 1159 1103 1195; x_wconf 89' lang='lat' dir='ltr'>ineant</span> <span class='ocrx_word' id='word_1_138' title='bbox 1123 1163 1255 1196; x_wconf 80' lang='lat' dir='ltr'>contra</span> <span class='ocrx_word' id='word_1_139' title='bbox 1276 1157 1517 1203; x_wconf 88' lang='lat' dir='ltr'>Archelaum,</span> <span class='ocrx_word' id='word_1_140' title='bbox 1535 1159 1617 1195; x_wconf 90' lang='lat' dir='ltr'>Ma-</span> 
     </span>
     <span class='ocr_line' id='line_1_18' title="bbox 186 1217 1616 1269; baseline 0.001 -15"><span class='ocrx_word' id='word_1_141' title='bbox 186 1217 360 1255; x_wconf 83' lang='lat' dir='ltr'>cedoniae</span> <span class='ocrx_word' id='word_1_142' title='bbox 385 1232 522 1268; x_wconf 85' lang='lat' dir='ltr'>regem.</span> <span class='ocrx_word' id='word_1_143' title='bbox 580 1219 718 1256; x_wconf 80' lang='lat' dir='ltr'>Graece</span> <span class='ocrx_word' id='word_1_144' title='bbox 747 1220 889 1268; x_wconf 88' lang='lat' dir='ltr'>prodiit</span> <span class='ocrx_word' id='word_1_145' title='bbox 908 1233 993 1256; x_wconf 89' lang='lat' dir='ltr'>cum</span> <span class='ocrx_word' id='word_1_146' title='bbox 1019 1219 1129 1269; x_wconf 82' lang='lat' dir='ltr'>Lysia</span> <span class='ocrx_word' id='word_1_147' title='bbox 1149 1226 1187 1256; x_wconf 90' lang='lat' dir='ltr'>et</span> <span class='ocrx_word' id='word_1_148' title='bbox 1207 1220 1291 1256; x_wconf 86' lang='lat' dir='ltr'>aliis</span> <span class='ocrx_word' id='word_1_149' title='bbox 1313 1218 1450 1256; x_wconf 79' lang='lat' dir='ltr'>Atticis</span> <span class='ocrx_word' id='word_1_150' title='bbox 1474 1220 1616 1257; x_wconf 90' lang='lat' dir='ltr'>Orato-</span> 
     </span>
     <span class='ocr_line' id='line_1_19' title="bbox 185 1277 1616 1329; baseline 0.001 -14"><span class='ocrx_word' id='word_1_151' title='bbox 185 1277 290 1315; x_wconf 88' lang='lat' dir='ltr'>ribus</span> <span class='ocrx_word' id='word_1_152' title='bbox 309 1278 443 1315; x_wconf 89' lang='lat' dir='ltr'>Venet.</span> <span class='ocrx_word' id='word_1_153' title='bbox 473 1278 574 1328; x_wconf 89' lang='lat' dir='ltr'>apud</span> <span class='ocrx_word' id='word_1_154' title='bbox 602 1279 745 1315; x_wconf 89' lang='lat' dir='ltr'>Aldum</span> <span class='ocrx_word' id='word_1_155' title='bbox 768 1282 885 1316; x_wconf 80' lang='grc'><strong>1513.</strong></span> <span class='ocrx_word' id='word_1_156' title='bbox 914 1279 982 1316; x_wconf 87' lang='lat' dir='ltr'>fol.</span> <span class='ocrx_word' id='word_1_157' title='bbox 1010 1286 1049 1316; x_wconf 89' lang='lat' dir='ltr'>et</span> <span class='ocrx_word' id='word_1_158' title='bbox 1076 1279 1195 1316; x_wconf 86' lang='lat' dir='ltr'>Paris.</span> <span class='ocrx_word' id='word_1_159' title='bbox 1224 1292 1286 1328; x_wconf 90' lang='lat' dir='ltr'>ap.</span> <span class='ocrx_word' id='word_1_160' title='bbox 1307 1280 1356 1316; x_wconf 90' lang='lat' dir='ltr'>H.</span> <span class='ocrx_word' id='word_1_161' title='bbox 1377 1279 1616 1329; x_wconf 89' lang='lat' dir='ltr'>Stephanum</span> 
     </span>
     <span class='ocr_line' id='line_1_20' title="bbox 188 1338 1617 1379; baseline 0.002 -4"><span class='ocrx_word' id='word_1_162' title='bbox 188 1342 303 1379; x_wconf 88' lang='grc'><strong>1575.</strong></span> <span class='ocrx_word' id='word_1_163' title='bbox 322 1338 390 1377; x_wconf 88' lang='lat' dir='ltr'>fol.</span> <span class='ocrx_word' id='word_1_164' title='bbox 446 1339 579 1376; x_wconf 85' lang='lat' dir='ltr'>Latine</span> <span class='ocrx_word' id='word_1_165' title='bbox 600 1340 714 1376; x_wconf 90' lang='lat' dir='ltr'>vertit</span> <span class='ocrx_word' id='word_1_166' title='bbox 740 1345 778 1376; x_wconf 89' lang='lat' dir='ltr'>et</span> <span class='ocrx_word' id='word_1_167' title='bbox 805 1339 851 1375; x_wconf 86' lang='lat' dir='ltr'>ad</span> <span class='ocrx_word' id='word_1_168' title='bbox 873 1339 1017 1376; x_wconf 83' lang='lat' dir='ltr'>calcem</span> <span class='ocrx_word' id='word_1_169' title='bbox 1042 1339 1219 1376; x_wconf 86' lang='lat' dir='ltr'>Aristidis</span> <span class='ocrx_word' id='word_1_170' title='bbox 1246 1339 1369 1377; x_wconf 90' lang='lat' dir='ltr'>edidit</span> <span class='ocrx_word' id='word_1_171' title='bbox 1389 1340 1494 1377; x_wconf 90' lang='lat' dir='ltr'>Guil.</span> <span class='ocrx_word' id='word_1_172' title='bbox 1516 1341 1617 1378; x_wconf 88' lang='lat' dir='ltr'>Can-</span> 
     </span>
     <span class='ocr_line' id='line_1_21' title="bbox 188 1399 1615 1444; baseline 0.002 -8"><span class='ocrx_word' id='word_1_173' title='bbox 188 1406 305 1444; x_wconf 88' lang='lat' dir='ltr'>terus,</span> <span class='ocrx_word' id='word_1_174' title='bbox 328 1400 440 1437; x_wconf 87' lang='lat' dir='ltr'>Basil.</span> <span class='ocrx_word' id='word_1_175' title='bbox 463 1403 576 1437; x_wconf 83' lang='lat'>1566.</span> <span class='ocrx_word' id='word_1_176' title='bbox 603 1399 670 1435; x_wconf 85' lang='lat' dir='ltr'>fol.</span> <span class='ocrx_word' id='word_1_177' title='bbox 691 1400 831 1436; x_wconf 78' lang='lat' dir='ltr'>Graece</span> <span class='ocrx_word' id='word_1_178' title='bbox 852 1406 892 1436; x_wconf 87' lang='lat' dir='ltr'>et</span> <span class='ocrx_word' id='word_1_179' title='bbox 911 1400 1046 1437; x_wconf 91' lang='lat' dir='ltr'>Latine</span> <span class='ocrx_word' id='word_1_180' title='bbox 1076 1414 1162 1437; x_wconf 88' lang='lat' dir='ltr'>cum</span> <span class='ocrx_word' id='word_1_181' title='bbox 1184 1400 1338 1438; x_wconf 84' lang='lat' dir='ltr'>canteri</span> <span class='ocrx_word' id='word_1_182' title='bbox 1365 1401 1537 1439; x_wconf 88' lang='lat' dir='ltr'>versione</span> <span class='ocrx_word' id='word_1_183' title='bbox 1557 1415 1615 1439; x_wconf 88' lang='lat' dir='ltr'>re-</span> 
     </span>
     <span class='ocr_line' id='line_1_22' title="bbox 185 1461 1619 1507; baseline 0.002 -10"><span class='ocrx_word' id='word_1_184' title='bbox 185 1474 278 1498; x_wconf 90' lang='lat' dir='ltr'>cusa</span> <span class='ocrx_word' id='word_1_185' title='bbox 305 1466 363 1507; x_wconf 84' lang='lat' dir='ltr'>est</span> <span class='ocrx_word' id='word_1_186' title='bbox 393 1461 542 1497; x_wconf 87' lang='lat' dir='ltr'>Hanov.</span> <span class='ocrx_word' id='word_1_187' title='bbox 573 1464 686 1497; x_wconf 80' lang='lat'>1619.</span> <span class='ocrx_word' id='word_1_188' title='bbox 715 1464 752 1496; x_wconf 88' lang='grc'>8.</span> <span class='ocrx_word' id='word_1_189' title='bbox 780 1467 936 1497; x_wconf 88' lang='lat' dir='ltr'>curante</span> <span class='ocrx_word' id='word_1_190' title='bbox 963 1461 1060 1498; x_wconf 88' lang='lat' dir='ltr'>Jano</span> <span class='ocrx_word' id='word_1_191' title='bbox 1081 1462 1266 1505; x_wconf 85' lang='lat' dir='ltr'>Grutero,</span> <span class='ocrx_word' id='word_1_192' title='bbox 1287 1461 1335 1498; x_wconf 87' lang='lat' dir='ltr'>ad</span> <span class='ocrx_word' id='word_1_193' title='bbox 1363 1463 1509 1499; x_wconf 91' lang='lat' dir='ltr'>calcem</span> <span class='ocrx_word' id='word_1_194' title='bbox 1537 1476 1619 1501; x_wconf 86' lang='lat' dir='ltr'>ora-</span> 
     </span>
     <span class='ocr_line' id='line_1_23' title="bbox 186 1520 1616 1569; baseline 0.003 -12"><span class='ocrx_word' id='word_1_195' title='bbox 186 1521 331 1558; x_wconf 92' lang='lat' dir='ltr'>tionum</span> <span class='ocrx_word' id='word_1_196' title='bbox 359 1520 557 1565; x_wconf 88' lang='lat' dir='ltr'>Dinarchi,</span> <span class='ocrx_word' id='word_1_197' title='bbox 582 1520 755 1569; x_wconf 81' lang='lat' dir='ltr'>Lycurgi,</span> <span class='ocrx_word' id='word_1_198' title='bbox 784 1520 1030 1557; x_wconf 90' lang='lat' dir='ltr'>Lesbonactis</span> <span class='ocrx_word' id='word_1_199' title='bbox 1053 1527 1091 1557; x_wconf 88' lang='lat' dir='ltr'>et</span> <span class='ocrx_word' id='word_1_200' title='bbox 1120 1521 1316 1558; x_wconf 88' lang='lat' dir='ltr'>Demadis.</span> <span class='ocrx_word' id='word_1_201' title='bbox 1372 1523 1477 1560; x_wconf 91' lang='lat' dir='ltr'>Inest</span> <span class='ocrx_word' id='word_1_202' title='bbox 1503 1523 1616 1561; x_wconf 87' lang='lat' dir='ltr'>etiam</span> 
     </span>
     <span class='ocr_line' id='line_1_24' title="bbox 186 1580 1617 1634; baseline 0.001 -16"><span class='ocrx_word' id='word_1_203' title='bbox 186 1582 225 1619; x_wconf 90' lang='lat' dir='ltr'>in</span> <span class='ocrx_word' id='word_1_204' title='bbox 245 1582 301 1618; x_wconf 87' lang='lat' dir='ltr'>Io.</span> <span class='ocrx_word' id='word_1_205' title='bbox 323 1582 402 1619; x_wconf 89' lang='lat' dir='ltr'>Iac.</span> <span class='ocrx_word' id='word_1_206' title='bbox 430 1580 573 1618; x_wconf 88' lang='lat' dir='ltr'>Reiskii</span> <span class='ocrx_word' id='word_1_207' title='bbox 598 1581 825 1618; x_wconf 79' lang='lat' dir='ltr'>Oratoribus</span> <span class='ocrx_word' id='word_1_208' title='bbox 847 1582 995 1619; x_wconf 86' lang='lat' dir='ltr'>Graecis</span> <span class='ocrx_word' id='word_1_209' title='bbox 1021 1581 1135 1618; x_wconf 88' lang='lat' dir='ltr'>Tom.</span> <span class='ocrx_word' id='word_1_210' title='bbox 1158 1581 1269 1618; x_wconf 86' lang='lat' dir='ltr'>VllI.</span> <span class='ocrx_word' id='word_1_211' title='bbox 1300 1583 1406 1633; x_wconf 86' lang='lat' dir='ltr'>Lips.</span> <span class='ocrx_word' id='word_1_212' title='bbox 1434 1587 1550 1624; x_wconf 84' lang='lat'>1773.</span> <span class='ocrx_word' id='word_1_213' title='bbox 1577 1597 1617 1634; x_wconf 91' lang='lat' dir='ltr'>p.</span> 
     </span>
     <span class='ocr_line' id='line_1_25' title="bbox 187 1642 376 1692; baseline -0.005 -11"><span class='ocrx_word' id='word_1_214' title='bbox 187 1647 251 1681; x_wconf 84' lang='lat'>32.</span> <span class='ocrx_word' id='word_1_215' title='bbox 274 1642 376 1692; x_wconf 92' lang='lat' dir='ltr'>sqq.⁷</span> 
     </span>
    </p>
   </div>
   <div class='ocr_carea' id='block_1_3' title="bbox 921 1720 1620 1801">
    <p class='ocr_par' dir='ltr' id='par_1_4' title="bbox 921 1720 1620 1801">
     <span class='ocr_line' id='line_1_26' title="bbox 921 1720 1061 1750; baseline 0 -1"><span class='ocrx_word' id='word_1_216' title='bbox 921 1720 1061 1750; x_wconf 79' lang='lat' dir='ltr'>E1cnsr.</span> 
     </span>
     <span class='ocr_line' id='line_1_27' title="bbox 961 1762 1620 1801; baseline 0.003 -10"><span class='ocrx_word' id='word_1_217' title='bbox 961 1762 973 1780; x_wconf 85' lang='lat'>⁵</span> <span class='ocrx_word' id='word_1_218' title='bbox 997 1764 1082 1801; x_wconf 86' lang='lat' dir='ltr'>Opus</span> <span class='ocrx_word' id='word_1_219' title='bbox 1112 1762 1258 1798; x_wconf 80' lang='lat' dir='ltr'>Herodis,</span> <span class='ocrx_word' id='word_1_220' title='bbox 1294 1763 1330 1792; x_wconf 90' lang='lat' dir='ltr'>ad</span> <span class='ocrx_word' id='word_1_221' title='bbox 1363 1763 1528 1793; x_wconf 85' lang='lat' dir='ltr'>doctrinam</span> <span class='ocrx_word' id='word_1_222' title='bbox 1558 1774 1620 1793; x_wconf 92' lang='lat' dir='ltr'>mo-</span> 
     </span>
    </p>
   </div>
   <div class='ocr_carea' id='block_1_4' title="bbox 186 1719 886 1800">
    <p class='ocr_par' dir='ltr' id='par_1_5' title="bbox 186 1719 886 1800">
     <span class='ocr_line' id='line_1_28' title="bbox 187 1719 886 1759; baseline 0.001 -11"><span class='ocrx_word' id='word_1_223' title='bbox 187 1722 257 1749; x_wconf 80' lang='lat' dir='ltr'>ante</span> <span class='ocrx_word' id='word_1_224' title='bbox 280 1719 395 1749; x_wconf 78' lang='lat' dir='ltr'>exitum</span> <span class='ocrx_word' id='word_1_225' title='bbox 422 1719 600 1749; x_wconf 81' lang='lat' dir='ltr'>narrationis</span> <span class='ocrx_word' id='word_1_226' title='bbox 623 1725 654 1748; x_wconf 86' lang='lat' dir='ltr'>et</span> <span class='ocrx_word' id='word_1_227' title='bbox 678 1719 709 1748; x_wconf 89' lang='lat' dir='ltr'>in</span> <span class='ocrx_word' id='word_1_228' title='bbox 737 1719 792 1749; x_wconf 79' lang='lat' dir='ltr'>fine</span> <span class='ocrx_word' id='word_1_229' title='bbox 816 1719 886 1759; x_wconf 88' lang='lat' dir='ltr'>ipso</span> 
     </span>
     <span class='ocr_line' id='line_1_29' title="bbox 186 1762 693 1800; baseline 0 -9"><span class='ocrx_word' id='word_1_230' title='bbox 186 1762 266 1792; x_wconf 87' lang='lat' dir='ltr'>haud</span> <span class='ocrx_word' id='word_1_231' title='bbox 284 1772 378 1800; x_wconf 86' lang='lat' dir='ltr'>pauca</span> <span class='ocrx_word' id='word_1_232' title='bbox 393 1762 555 1791; x_wconf 80' lang='lat' dir='ltr'>omitteret.</span> <span class='ocrx_word' id='word_1_233' title='bbox 580 1763 693 1792; x_wconf 76' lang='lat' dir='ltr'>HAnL.</span> 
     </span>
    </p>
   </div>
   <div class='ocr_carea' id='block_1_5' title="bbox 0 1209 27 3255">
    <p class='ocr_par' dir='ltr' id='par_1_6' title="bbox 0 1209 27 3255">
     <span class='ocr_line' id='line_1_30' title="bbox 0 1209 27 3255; baseline 0 0"><span class='ocrx_word' id='word_1_234' title='bbox 0 1209 27 3255; x_wconf 95' lang='lat' dir='ltr'> </span> 
     </span>
    </p>
   </div>
   <div class='ocr_carea' id='block_1_6' title="bbox 184 1804 887 2943">
    <p class='ocr_par' dir='ltr' id='par_1_7' title="bbox 184 1804 887 2943">
     <span class='ocr_line' id='line_1_31' title="bbox 231 1804 887 1843; baseline -0.002 -9"><span class='ocrx_word' id='word_1_235' title='bbox 231 1804 242 1823; x_wconf 86' lang='lat'><strong>⁴</strong></span> <span class='ocrx_word' id='word_1_236' title='bbox 267 1805 337 1834; x_wconf 84' lang='lat' dir='ltr'>Hoc</span> <span class='ocrx_word' id='word_1_237' title='bbox 367 1814 458 1843; x_wconf 89' lang='lat' dir='ltr'>quum</span> <span class='ocrx_word' id='word_1_238' title='bbox 486 1810 516 1834; x_wconf 91' lang='lat' dir='ltr'>et</span> <span class='ocrx_word' id='word_1_239' title='bbox 542 1805 678 1834; x_wconf 82' lang='lat' dir='ltr'>Visconti</span> <span class='ocrx_word' id='word_1_240' title='bbox 708 1804 750 1833; x_wconf 86' lang='lat' dir='ltr'>ita</span> <span class='ocrx_word' id='word_1_241' title='bbox 776 1814 887 1843; x_wconf 89' lang='lat' dir='ltr'>posue-</span> 
     </span>
     <span class='ocr_line' id='line_1_32' title="bbox 186 1846 887 1886; baseline 0 -10"><span class='ocrx_word' id='word_1_242' title='bbox 186 1846 237 1882; x_wconf 90' lang='lat' dir='ltr'>rit,</span> <span class='ocrx_word' id='word_1_243' title='bbox 253 1847 344 1876; x_wconf 86' lang='lat' dir='ltr'>tacite</span> <span class='ocrx_word' id='word_1_244' title='bbox 359 1847 486 1886; x_wconf 82' lang='lat' dir='ltr'>respicit</span> <span class='ocrx_word' id='word_1_245' title='bbox 501 1848 579 1877; x_wconf 86' lang='lat' dir='ltr'>God.</span> <span class='ocrx_word' id='word_1_246' title='bbox 595 1847 709 1876; x_wconf 87' lang='lat' dir='ltr'>Olearii</span> <span class='ocrx_word' id='word_1_247' title='bbox 729 1847 887 1876; x_wconf 90' lang='lat' dir='ltr'>chronolo-</span> 
     </span>
     <span class='ocr_line' id='line_1_33' title="bbox 188 1889 885 1927; baseline 0 -8"><span class='ocrx_word' id='word_1_248' title='bbox 188 1890 271 1927; x_wconf 89' lang='lat' dir='ltr'>gicas</span> <span class='ocrx_word' id='word_1_249' title='bbox 287 1890 427 1925; x_wconf 72' lang='lat' dir='ltr'>rationes,</span> <span class='ocrx_word' id='word_1_250' title='bbox 444 1900 510 1927; x_wconf 83' lang='lat' dir='ltr'>quae</span> <span class='ocrx_word' id='word_1_251' title='bbox 527 1890 658 1924; x_wconf 86' lang='lat' dir='ltr'>omnino,</span> <span class='ocrx_word' id='word_1_252' title='bbox 676 1889 701 1918; x_wconf 89' lang='lat' dir='ltr'>si</span> <span class='ocrx_word' id='word_1_253' title='bbox 717 1890 885 1919; x_wconf 83' lang='lat' dir='ltr'>accuratius</span> 
     </span>
     <span class='ocr_line' id='line_1_34' title="bbox 187 1931 886 1970; baseline -0.001 -9"><span class='ocrx_word' id='word_1_254' title='bbox 187 1932 387 1970; x_wconf 81' lang='lat' dir='ltr'>pensitentur,</span> <span class='ocrx_word' id='word_1_255' title='bbox 406 1931 487 1960; x_wconf 82' lang='lat' dir='ltr'>falsae</span> <span class='ocrx_word' id='word_1_256' title='bbox 508 1936 539 1961; x_wconf 91' lang='lat' dir='ltr'>et</span> <span class='ocrx_word' id='word_1_257' title='bbox 560 1932 663 1961; x_wconf 88' lang='lat' dir='ltr'>inanes</span> <span class='ocrx_word' id='word_1_258' title='bbox 686 1932 886 1969; x_wconf 81' lang='lat' dir='ltr'>reperiuntur.</span> 
     </span>
     <span class='ocr_line' id='line_1_35' title="bbox 188 1974 886 2012; baseline -0.003 -8"><span class='ocrx_word' id='word_1_259' title='bbox 188 1975 307 2012; x_wconf 86' lang='lat' dir='ltr'>Nempe</span> <span class='ocrx_word' id='word_1_260' title='bbox 330 1975 492 2004; x_wconf 90' lang='lat' dir='ltr'>secundum</span> <span class='ocrx_word' id='word_1_261' title='bbox 517 1983 581 2003; x_wconf 87' lang='lat' dir='ltr'>eam</span> <span class='ocrx_word' id='word_1_262' title='bbox 605 1974 789 2012; x_wconf 83' lang='lat' dir='ltr'>putationem</span> <span class='ocrx_word' id='word_1_263' title='bbox 812 1980 886 2003; x_wconf 84' lang='lat' dir='ltr'>tem-</span> 
     </span>
     <span class='ocr_line' id='line_1_36' title="bbox 186 2016 885 2055; baseline -0.001 -9"><span class='ocrx_word' id='word_1_264' title='bbox 186 2026 305 2055; x_wconf 82' lang='lat' dir='ltr'>porum,</span> <span class='ocrx_word' id='word_1_265' title='bbox 332 2027 420 2055; x_wconf 77' lang='lat' dir='ltr'>quam</span> <span class='ocrx_word' id='word_1_266' title='bbox 448 2016 586 2046; x_wconf 87' lang='lat' dir='ltr'>Olearius</span> <span class='ocrx_word' id='word_1_267' title='bbox 611 2017 648 2046; x_wconf 85' lang='lat' dir='ltr'>ad</span> <span class='ocrx_word' id='word_1_268' title='bbox 676 2016 885 2046; x_wconf 76' lang='lat' dir='ltr'>philostratum</span> 
     </span>
     <span class='ocr_line' id='line_1_37' title="bbox 186 2058 884 2095; baseline 0 -7"><span class='ocrx_word' id='word_1_269' title='bbox 186 2058 264 2095; x_wconf 85' lang='lat' dir='ltr'>iniit,</span> <span class='ocrx_word' id='word_1_270' title='bbox 291 2058 433 2088; x_wconf 83' lang='lat' dir='ltr'>Herodes</span> <span class='ocrx_word' id='word_1_271' title='bbox 459 2064 545 2088; x_wconf 76' lang='lat' dir='ltr'>natus</span> <span class='ocrx_word' id='word_1_272' title='bbox 572 2062 620 2088; x_wconf 85' lang='lat' dir='ltr'>est</span> <span class='ocrx_word' id='word_1_273' title='bbox 646 2059 765 2088; x_wconf 89' lang='lat' dir='ltr'>decimo</span> <span class='ocrx_word' id='word_1_274' title='bbox 794 2059 884 2088; x_wconf 87' lang='lat' dir='ltr'>tertio</span> 
     </span>
     <span class='ocr_line' id='line_1_38' title="bbox 187 2101 880 2140; baseline 0.001 -9"><span class='ocrx_word' id='word_1_275' title='bbox 187 2111 263 2131; x_wconf 88' lang='lat' dir='ltr'>anno</span> <span class='ocrx_word' id='word_1_276' title='bbox 278 2101 397 2140; x_wconf 84' lang='lat' dir='ltr'>imperii</span> <span class='ocrx_word' id='word_1_277' title='bbox 415 2101 590 2137; x_wconf 86' lang='lat' dir='ltr'>Domitiani,</span> <span class='ocrx_word' id='word_1_278' title='bbox 606 2102 646 2131; x_wconf 88' lang='lat' dir='ltr'>U.</span> <span class='ocrx_word' id='word_1_279' title='bbox 659 2102 695 2130; x_wconf 89' lang='lat' dir='ltr'>C.</span> <span class='ocrx_word' id='word_1_280' title='bbox 710 2103 784 2132; x_wconf 84' lang='lat'>847.</span> <span class='ocrx_word' id='word_1_281' title='bbox 807 2102 880 2132; x_wconf 87' lang='lat' dir='ltr'>Chr.</span> 
     </span>
     <span class='ocr_line' id='line_1_39' title="bbox 188 2143 884 2183; baseline -0.001 -9"><span class='ocrx_word' id='word_1_282' title='bbox 188 2145 240 2174; x_wconf 86' lang='lat'>94.</span> <span class='ocrx_word' id='word_1_283' title='bbox 264 2144 313 2173; x_wconf 90' lang='grc'><strong>01.</strong></span> <span class='ocrx_word' id='word_1_284' title='bbox 330 2144 510 2174; x_wconf 82' lang='lat' dir='ltr'>CCXVIII.</span> <span class='ocrx_word' id='word_1_285' title='bbox 530 2147 559 2175; x_wconf 73' lang='lat'>2.</span> <span class='ocrx_word' id='word_1_286' title='bbox 602 2143 653 2180; x_wconf 87' lang='lat' dir='ltr'>Id,</span> <span class='ocrx_word' id='word_1_287' title='bbox 671 2144 696 2173; x_wconf 87' lang='lat' dir='ltr'>si</span> <span class='ocrx_word' id='word_1_288' title='bbox 718 2144 884 2183; x_wconf 86' lang='lat' dir='ltr'>accipimus</span> 
     </span>
     <span class='ocr_line' id='line_1_40' title="bbox 187 2184 885 2226; baseline 0.001 -11"><span class='ocrx_word' id='word_1_289' title='bbox 187 2196 227 2215; x_wconf 85' lang='lat' dir='ltr'>ex</span> <span class='ocrx_word' id='word_1_290' title='bbox 246 2186 306 2216; x_wconf 85' lang='lat' dir='ltr'>fide</span> <span class='ocrx_word' id='word_1_291' title='bbox 329 2186 458 2222; x_wconf 83' lang='lat' dir='ltr'>Olearii,</span> <span class='ocrx_word' id='word_1_292' title='bbox 480 2187 626 2225; x_wconf 89' lang='lat' dir='ltr'>sequitur,</span> <span class='ocrx_word' id='word_1_293' title='bbox 648 2184 815 2222; x_wconf 84' lang='lat' dir='ltr'>Herodem,</span> <span class='ocrx_word' id='word_1_294' title='bbox 834 2187 885 2226; x_wconf 90' lang='lat' dir='ltr'>qui</span> 
     </span>
     <span class='ocr_line' id='line_1_41' title="bbox 187 2228 885 2268; baseline 0.001 -10"><span class='ocrx_word' id='word_1_295' title='bbox 187 2228 376 2268; x_wconf 79' lang='lat' dir='ltr'>septuaginta</span> <span class='ocrx_word' id='word_1_296' title='bbox 394 2233 424 2258; x_wconf 87' lang='lat' dir='ltr'>et</span> <span class='ocrx_word' id='word_1_297' title='bbox 445 2239 501 2258; x_wconf 81' lang='lat' dir='ltr'>sex</span> <span class='ocrx_word' id='word_1_298' title='bbox 523 2239 664 2259; x_wconf 88' lang='lat' dir='ltr'>annorum</span> <span class='ocrx_word' id='word_1_299' title='bbox 689 2239 782 2259; x_wconf 87' lang='lat' dir='ltr'>senex</span> <span class='ocrx_word' id='word_1_300' title='bbox 801 2229 885 2259; x_wconf 88' lang='lat' dir='ltr'>diem</span> 
     </span>
     <span class='ocr_line' id='line_1_42' title="bbox 187 2271 885 2312; baseline 0.001 -12"><span class='ocrx_word' id='word_1_301' title='bbox 187 2281 272 2301; x_wconf 89' lang='lat' dir='ltr'>suum</span> <span class='ocrx_word' id='word_1_302' title='bbox 295 2271 372 2300; x_wconf 89' lang='lat' dir='ltr'>obiit</span> <span class='ocrx_word' id='word_1_303' title='bbox 390 2271 460 2312; x_wconf 85' lang='lat' dir='ltr'>(vid</span> <span class='ocrx_word' id='word_1_304' title='bbox 476 2272 621 2302; x_wconf 83' lang='lat' dir='ltr'>Philostr.</span> <span class='ocrx_word' id='word_1_305' title='bbox 643 2283 672 2312; x_wconf 83' lang='lat' dir='ltr'>p.</span> <span class='ocrx_word' id='word_1_306' title='bbox 688 2272 791 2312; x_wconf 86' lang='lat'>565.),</span> <span class='ocrx_word' id='word_1_307' title='bbox 807 2283 885 2302; x_wconf 88' lang='lat' dir='ltr'>mor-</span> 
     </span>
     <span class='ocr_line' id='line_1_43' title="bbox 185 2314 883 2352; baseline 0.003 -10"><span class='ocrx_word' id='word_1_308' title='bbox 185 2318 267 2343; x_wconf 87' lang='lat' dir='ltr'>tuum</span> <span class='ocrx_word' id='word_1_309' title='bbox 279 2315 341 2352; x_wconf 86' lang='lat' dir='ltr'>jam</span> <span class='ocrx_word' id='word_1_310' title='bbox 354 2324 420 2343; x_wconf 86' lang='lat' dir='ltr'>esse</span> <span class='ocrx_word' id='word_1_311' title='bbox 433 2319 499 2343; x_wconf 87' lang='lat' dir='ltr'>ante</span> <span class='ocrx_word' id='word_1_312' title='bbox 513 2314 696 2349; x_wconf 79' lang='lat' dir='ltr'>Faustinam,</span> <span class='ocrx_word' id='word_1_313' title='bbox 708 2314 816 2350; x_wconf 81' lang='lat' dir='ltr'>Marci,</span> <span class='ocrx_word' id='word_1_314' title='bbox 828 2315 883 2345; x_wconf 91' lang='lat' dir='ltr'>im-</span> 
     </span>
     <span class='ocr_line' id='line_1_44' title="bbox 185 2357 883 2396; baseline 0.003 -11"><span class='ocrx_word' id='word_1_315' title='bbox 185 2357 333 2394; x_wconf 88' lang='lat' dir='ltr'>peratoris</span> <span class='ocrx_word' id='word_1_316' title='bbox 342 2358 510 2396; x_wconf 86' lang='lat' dir='ltr'>conjugem,</span> <span class='ocrx_word' id='word_1_317' title='bbox 520 2367 586 2396; x_wconf 88' lang='lat' dir='ltr'>quae</span> <span class='ocrx_word' id='word_1_318' title='bbox 595 2367 671 2386; x_wconf 90' lang='lat' dir='ltr'>anno</span> <span class='ocrx_word' id='word_1_319' title='bbox 681 2357 801 2387; x_wconf 90' lang='lat' dir='ltr'>demum</span> <span class='ocrx_word' id='word_1_320' title='bbox 812 2360 883 2390; x_wconf 84' lang='lat'>175.</span> 
     </span>
     <span class='ocr_line' id='line_1_45' title="bbox 184 2397 885 2430; baseline 0.003 -3"><span class='ocrx_word' id='word_1_321' title='bbox 184 2397 244 2428; x_wconf 86' lang='lat' dir='ltr'>iter</span> <span class='ocrx_word' id='word_1_322' title='bbox 267 2398 299 2428; x_wconf 88' lang='lat' dir='ltr'>in</span> <span class='ocrx_word' id='word_1_323' title='bbox 323 2399 478 2429; x_wconf 88' lang='lat' dir='ltr'>Orientem</span> <span class='ocrx_word' id='word_1_324' title='bbox 503 2401 541 2428; x_wconf 89' lang='lat' dir='ltr'>ad</span> <span class='ocrx_word' id='word_1_325' title='bbox 565 2399 704 2429; x_wconf 87' lang='lat' dir='ltr'>maritum</span> <span class='ocrx_word' id='word_1_326' title='bbox 730 2410 815 2429; x_wconf 88' lang='lat' dir='ltr'>suum</span> <span class='ocrx_word' id='word_1_327' title='bbox 841 2400 885 2430; x_wconf 89' lang='lat' dir='ltr'>in-</span> 
     </span>
     <span class='ocr_line' id='line_1_46' title="bbox 186 2439 884 2478; baseline 0.003 -8"><span class='ocrx_word' id='word_1_328' title='bbox 186 2450 299 2478; x_wconf 61' lang='lat' dir='ltr'>gressa,</span> <span class='ocrx_word' id='word_1_329' title='bbox 324 2439 460 2472; x_wconf 81' lang='lat' dir='ltr'>seces&#39;sit.</span> <span class='ocrx_word' id='word_1_330' title='bbox 503 2443 616 2472; x_wconf 85' lang='lat' dir='ltr'>Verum</span> <span class='ocrx_word' id='word_1_331' title='bbox 643 2446 674 2471; x_wconf 85' lang='lat' dir='ltr'>et</span> <span class='ocrx_word' id='word_1_332' title='bbox 697 2443 807 2472; x_wconf 85' lang='lat' dir='ltr'>nobilis</span> <span class='ocrx_word' id='word_1_333' title='bbox 832 2442 884 2472; x_wconf 88' lang='lat' dir='ltr'>illa</span> 
     </span>
     <span class='ocr_line' id='line_1_47' title="bbox 185 2483 884 2524; baseline 0.003 -12"><span class='ocrx_word' id='word_1_334' title='bbox 185 2483 372 2513; x_wconf 83' lang='lat' dir='ltr'>reconciliati</span> <span class='ocrx_word' id='word_1_335' title='bbox 389 2484 580 2523; x_wconf 85' lang='lat' dir='ltr'>imperatoris</span> <span class='ocrx_word' id='word_1_336' title='bbox 596 2485 632 2514; x_wconf 87' lang='lat' dir='ltr'>ad</span> <span class='ocrx_word' id='word_1_337' title='bbox 650 2484 804 2514; x_wconf 88' lang='lat' dir='ltr'>Herodem</span> <span class='ocrx_word' id='word_1_338' title='bbox 819 2485 884 2524; x_wconf 91' lang='lat' dir='ltr'>epi-</span> 
     </span>
     <span class='ocr_line' id='line_1_48' title="bbox 186 2525 884 2567; baseline 0.004 -13"><span class='ocrx_word' id='word_1_339' title='bbox 186 2526 264 2555; x_wconf 79' lang='lat' dir='ltr'>stola</span> <span class='ocrx_word' id='word_1_340' title='bbox 278 2525 327 2566; x_wconf 86' lang='lat' dir='ltr'>(v.</span> <span class='ocrx_word' id='word_1_341' title='bbox 340 2527 514 2557; x_wconf 88' lang='lat' dir='ltr'>Philostrat.</span> <span class='ocrx_word' id='word_1_342' title='bbox 528 2537 560 2566; x_wconf 88' lang='lat' dir='ltr'>p.</span> <span class='ocrx_word' id='word_1_343' title='bbox 577 2526 684 2567; x_wconf 85' lang='lat'>561.),</span> <span class='ocrx_word' id='word_1_344' title='bbox 706 2527 830 2566; x_wconf 71' lang='lat' dir='ltr'>scripta,</span> <span class='ocrx_word' id='word_1_345' title='bbox 851 2533 884 2558; x_wconf 88' lang='lat' dir='ltr'>ut</span> 
     </span>
     <span class='ocr_line' id='line_1_49' title="bbox 185 2567 883 2609; baseline 0.007 -14"><span class='ocrx_word' id='word_1_346' title='bbox 185 2567 272 2596; x_wconf 84' lang='lat' dir='ltr'>nobis</span> <span class='ocrx_word' id='word_1_347' title='bbox 288 2568 417 2604; x_wconf 85' lang='lat' dir='ltr'>videtur,</span> <span class='ocrx_word' id='word_1_348' title='bbox 429 2581 455 2599; x_wconf 90' lang='lat' dir='ltr'>a.</span> <span class='ocrx_word' id='word_1_349' title='bbox 472 2571 544 2600; x_wconf 87' lang='lat'>176.</span> <span class='ocrx_word' id='word_1_350' title='bbox 560 2580 651 2609; x_wconf 88' lang='lat' dir='ltr'>quum</span> <span class='ocrx_word' id='word_1_351' title='bbox 665 2569 805 2599; x_wconf 85' lang='lat' dir='ltr'>Herodes</span> <span class='ocrx_word' id='word_1_352' title='bbox 821 2570 883 2600; x_wconf 87' lang='lat' dir='ltr'>sere</span> 
     </span>
     <span class='ocr_line' id='line_1_50' title="bbox 185 2608 884 2652; baseline 0.007 -15"><span class='ocrx_word' id='word_1_353' title='bbox 185 2608 314 2639; x_wconf 68' lang='lat' dir='ltr'>triennio</span> <span class='ocrx_word' id='word_1_354' title='bbox 329 2616 397 2641; x_wconf 83' lang='lat' dir='ltr'>ante</span> <span class='ocrx_word' id='word_1_355' title='bbox 412 2612 442 2641; x_wconf 91' lang='lat' dir='ltr'>in</span> <span class='ocrx_word' id='word_1_356' title='bbox 460 2613 576 2652; x_wconf 88' lang='lat' dir='ltr'>judicio</span> <span class='ocrx_word' id='word_1_357' title='bbox 591 2612 699 2642; x_wconf 82' lang='lat' dir='ltr'>fuisset</span> <span class='ocrx_word' id='word_1_358' title='bbox 711 2618 884 2649; x_wconf 83' lang='lat' dir='ltr'>accusatus,</span> 
     </span>
     <span class='ocr_line' id='line_1_51' title="bbox 186 2652 883 2694; baseline 0.007 -14"><span class='ocrx_word' id='word_1_359' title='bbox 186 2655 217 2681; x_wconf 81' lang='lat' dir='ltr'>et</span> <span class='ocrx_word' id='word_1_360' title='bbox 237 2652 332 2682; x_wconf 87' lang='lat' dir='ltr'>multo</span> <span class='ocrx_word' id='word_1_361' title='bbox 355 2654 449 2693; x_wconf 84' lang='lat' dir='ltr'>magis</span> <span class='ocrx_word' id='word_1_362' title='bbox 475 2656 583 2685; x_wconf 81' lang='lat' dir='ltr'>relicta</span> <span class='ocrx_word' id='word_1_363' title='bbox 610 2655 696 2685; x_wconf 87' lang='lat' dir='ltr'>nobis</span> <span class='ocrx_word' id='word_1_364' title='bbox 717 2655 883 2694; x_wconf 84' lang='lat' dir='ltr'>Inscriptio</span> 
     </span>
     <span class='ocr_line' id='line_1_52' title="bbox 186 2692 884 2738; baseline 0.01 -17"><span class='ocrx_word' id='word_1_365' title='bbox 186 2692 218 2721; x_wconf 85' lang='lat' dir='ltr'>in</span> <span class='ocrx_word' id='word_1_366' title='bbox 238 2698 364 2724; x_wconf 83' lang='lat' dir='ltr'>statuam</span> <span class='ocrx_word' id='word_1_367' title='bbox 383 2695 525 2735; x_wconf 84' lang='lat' dir='ltr'>Reginae,</span> <span class='ocrx_word' id='word_1_368' title='bbox 543 2708 631 2738; x_wconf 86' lang='lat' dir='ltr'>quam</span> <span class='ocrx_word' id='word_1_369' title='bbox 652 2697 791 2728; x_wconf 85' lang='lat' dir='ltr'>Herodes</span> <span class='ocrx_word' id='word_1_370' title='bbox 806 2699 884 2728; x_wconf 81' lang='lat' dir='ltr'>Fau-</span> 
     </span>
     <span class='ocr_line' id='line_1_53' title="bbox 187 2734 884 2777; baseline 0.011 -14"><span class='ocrx_word' id='word_1_371' title='bbox 187 2734 273 2764; x_wconf 80' lang='lat' dir='ltr'>stinae</span> <span class='ocrx_word' id='word_1_372' title='bbox 296 2737 420 2773; x_wconf 83' lang='lat' dir='ltr'>dicavit,</span> <span class='ocrx_word' id='word_1_373' title='bbox 445 2741 617 2777; x_wconf 83' lang='lat' dir='ltr'>ostendunt,</span> <span class='ocrx_word' id='word_1_374' title='bbox 642 2750 710 2770; x_wconf 76' lang='lat' dir='ltr'>eum</span> <span class='ocrx_word' id='word_1_375' title='bbox 731 2741 884 2771; x_wconf 83' lang='lat' dir='ltr'>Faustinae</span> 
     </span>
     <span class='ocr_line' id='line_1_54' title="bbox 188 2778 884 2822; baseline 0.013 -17"><span class='ocrx_word' id='word_1_376' title='bbox 188 2778 384 2816; x_wconf 80' lang='lat' dir='ltr'>superstitem</span> <span class='ocrx_word' id='word_1_377' title='bbox 400 2780 527 2811; x_wconf 82' lang='lat' dir='ltr'>vixisse.</span> <span class='ocrx_word' id='word_1_378' title='bbox 569 2783 694 2822; x_wconf 87' lang='lat' dir='ltr'>Optime</span> <span class='ocrx_word' id='word_1_379' title='bbox 714 2789 884 2822; x_wconf 84' lang='lat' dir='ltr'>congruunt</span> 
     </span>
     <span class='ocr_line' id='line_1_55' title="bbox 188 2822 884 2865; baseline 0.014 -18"><span class='ocrx_word' id='word_1_380' title='bbox 188 2823 356 2857; x_wconf 83' lang='lat' dir='ltr'>temporum</span> <span class='ocrx_word' id='word_1_381' title='bbox 366 2822 535 2859; x_wconf 83' lang='lat' dir='ltr'>rationes‚si</span> <span class='ocrx_word' id='word_1_382' title='bbox 544 2823 708 2861; x_wconf 83' lang='lat' dir='ltr'>Herodem,</span> <span class='ocrx_word' id='word_1_383' title='bbox 717 2826 884 2865; x_wconf 88' lang='lat' dir='ltr'>imperante</span> 
     </span>
     <span class='ocr_line' id='line_1_56' title="bbox 187 2862 883 2908; baseline 0.014 -19"><span class='ocrx_word' id='word_1_384' title='bbox 187 2862 325 2899; x_wconf 76' lang='lat' dir='ltr'>Trajano,</span> <span class='ocrx_word' id='word_1_385' title='bbox 347 2872 374 2892; x_wconf 90' lang='lat' dir='ltr'>a.</span> <span class='ocrx_word' id='word_1_386' title='bbox 395 2867 467 2894; x_wconf 85' lang='lat'>104.</span> <span class='ocrx_word' id='word_1_387' title='bbox 490 2870 603 2902; x_wconf 86' lang='lat' dir='ltr'>natum,</span> <span class='ocrx_word' id='word_1_388' title='bbox 623 2871 654 2897; x_wconf 86' lang='lat' dir='ltr'>et</span> <span class='ocrx_word' id='word_1_389' title='bbox 678 2870 734 2898; x_wconf 88' lang='lat' dir='ltr'>snb</span> <span class='ocrx_word' id='word_1_390' title='bbox 756 2869 883 2908; x_wconf 85' lang='lat' dir='ltr'>imperio</span> 
     </span>
     <span class='ocr_line' id='line_1_57' title="bbox 189 2904 884 2943; baseline 0.014 -10"><span class='ocrx_word' id='word_1_391' title='bbox 189 2904 346 2935; x_wconf 84' lang='lat' dir='ltr'>Commodi</span> <span class='ocrx_word' id='word_1_392' title='bbox 360 2915 387 2935; x_wconf 84' lang='lat' dir='ltr'>a.</span> <span class='ocrx_word' id='word_1_393' title='bbox 409 2909 481 2937; x_wconf 90' lang='grc'><strong>180.</strong></span> <span class='ocrx_word' id='word_1_394' title='bbox 504 2909 685 2940; x_wconf 79' lang='lat' dir='ltr'>exstinctum</span> <span class='ocrx_word' id='word_1_395' title='bbox 708 2916 884 2943; x_wconf 80' lang='lat' dir='ltr'>statuamus-</span> 
     </span>
    </p>
   </div>
   <div class='ocr_carea' id='block_1_7' title="bbox 915 1804 1621 2951">
    <p class='ocr_par' dir='ltr' id='par_1_8' title="bbox 917 1804 1621 2270">
     <span class='ocr_line' id='line_1_58' title="bbox 919 1804 1621 1844; baseline 0.003 -10"><span class='ocrx_word' id='word_1_396' title='bbox 919 1815 983 1834; x_wconf 89' lang='lat' dir='ltr'>rum</span> <span class='ocrx_word' id='word_1_397' title='bbox 999 1806 1075 1834; x_wconf 89' lang='lat' dir='ltr'>forte</span> <span class='ocrx_word' id='word_1_398' title='bbox 1099 1811 1250 1844; x_wconf 84' lang='lat' dir='ltr'>spectans,</span> <span class='ocrx_word' id='word_1_399' title='bbox 1271 1805 1411 1835; x_wconf 87' lang='lat' dir='ltr'>laudatur</span> <span class='ocrx_word' id='word_1_400' title='bbox 1431 1806 1470 1835; x_wconf 88' lang='lat' dir='ltr'>ab</span> <span class='ocrx_word' id='word_1_401' title='bbox 1485 1804 1621 1836; x_wconf 78' lang='lat' dir='ltr'>Auctore</span> 
     </span>
     <span class='ocr_line' id='line_1_59' title="bbox 919 1847 1618 1889; baseline 0.004 -13"><span class='ocrx_word' id='word_1_402' title='bbox 919 1847 1122 1887; x_wconf 82' lang='lat' dir='ltr'>Etymologici</span> <span class='ocrx_word' id='word_1_403' title='bbox 1150 1848 1282 1877; x_wconf 87' lang='lat' dir='ltr'>Gudiani</span> <span class='ocrx_word' id='word_1_404' title='bbox 1309 1848 1376 1878; x_wconf 87' lang='lat' dir='ltr'>MS.</span> <span class='ocrx_word' id='word_1_405' title='bbox 1405 1858 1479 1878; x_wconf 88' lang='lat' dir='ltr'>voce</span> <span class='ocrx_word' id='word_1_406' title='bbox 1505 1847 1618 1889; x_wconf 73' lang='lat' dir='ltr'>&#39;&#39;Apo-nv-</span> 
     </span>
     <span class='ocr_line' id='line_1_60' title="bbox 919 1889 1618 1931; baseline 0.001 -12"><span class='ocrx_word' id='word_1_407' title='bbox 919 1889 975 1919; x_wconf 87' lang='lat' dir='ltr'>Ait</span> <span class='ocrx_word' id='word_1_408' title='bbox 1001 1890 1235 1920; x_wconf 83' lang='lat' dir='ltr'>Grammaticus:</span> <span class='ocrx_word' id='word_1_409' title='bbox 1269 1889 1364 1930; x_wconf 75' lang='grc' dir='ltr'>ἅρσην,</span> <span class='ocrx_word' id='word_1_410' title='bbox 1389 1890 1445 1920; x_wconf 73' lang='grc' dir='ltr'>ἀπὸ</span> <span class='ocrx_word' id='word_1_411' title='bbox 1473 1892 1521 1920; x_wconf 77' lang='grc' dir='ltr'>τοῦ</span> <span class='ocrx_word' id='word_1_412' title='bbox 1545 1891 1618 1931; x_wconf 61' lang='lat' dir='ltr'>agam</span> 
     </span>
     <span class='ocr_line' id='line_1_61' title="bbox 920 1932 1620 1973; baseline 0.001 -12"><span class='ocrx_word' id='word_1_413' title='bbox 920 1952 1053 1963; x_wconf 89' lang='grc'><strong>......</strong></span> <span class='ocrx_word' id='word_1_414' title='bbox 1069 1933 1080 1962; x_wconf 81' lang='grc' dir='ltr'>ὁ</span> <span class='ocrx_word' id='word_1_415' title='bbox 1096 1932 1179 1971; x_wconf 77' lang='grc' dir='ltr'>ἄρδων</span> <span class='ocrx_word' id='word_1_416' title='bbox 1195 1934 1242 1963; x_wconf 67' lang='grc' dir='ltr'>τὴν</span> <span class='ocrx_word' id='word_1_417' title='bbox 1256 1932 1371 1963; x_wconf 67' lang='grc' dir='ltr'>θήλειαν</span> <span class='ocrx_word' id='word_1_418' title='bbox 1386 1933 1423 1973; x_wconf 67' lang='grc' dir='ltr'>τῇ</span> <span class='ocrx_word' id='word_1_419' title='bbox 1435 1934 1509 1973; x_wconf 66' lang='grc' dir='ltr'><strong>γονῇ.</strong></span> <span class='ocrx_word' id='word_1_420' title='bbox 1531 1932 1620 1964; x_wconf 75' lang='grc' dir='ltr'>Ἐπα-</span> 
     </span>
     <span class='ocr_line' id='line_1_62' title="bbox 917 1974 1621 2016; baseline 0.001 -13"><span class='ocrx_word' id='word_1_421' title='bbox 917 1974 1042 2014; x_wconf 67' lang='grc' dir='ltr'>φξόδιτος</span> <span class='ocrx_word' id='word_1_422' title='bbox 1064 1974 1092 2004; x_wconf 75' lang='grc' dir='ltr'>δὲ</span> <span class='ocrx_word' id='word_1_423' title='bbox 1119 1977 1201 2016; x_wconf 62' lang='grc' dir='ltr'>παρὰ</span> <span class='ocrx_word' id='word_1_424' title='bbox 1228 1975 1261 2004; x_wconf 75' lang='grc' dir='ltr'>τὸ</span> <span class='ocrx_word' id='word_1_425' title='bbox 1285 1975 1361 2014; x_wconf 66' lang='grc' dir='ltr'>ἄξαι,</span> <span class='ocrx_word' id='word_1_426' title='bbox 1387 1975 1540 2014; x_wconf 72' lang='grc' dir='ltr'>πξακτικδς</span> <span class='ocrx_word' id='word_1_427' title='bbox 1566 1977 1621 2016; x_wconf 56' lang='grc' dir='ltr'>γὰρ</span> 
     </span>
     <span class='ocr_line' id='line_1_63' title="bbox 918 2016 1620 2057; baseline 0.004 -12"><span class='ocrx_word' id='word_1_428' title='bbox 918 2016 1034 2054; x_wconf 76' lang='grc' dir='ltr'>λέγεται</span> <span class='ocrx_word' id='word_1_429' title='bbox 1050 2017 1062 2046; x_wconf 79' lang='grc' dir='ltr'>ὁ</span> <span class='ocrx_word' id='word_1_430' title='bbox 1078 2016 1162 2056; x_wconf 60' lang='grc' dir='ltr'><strong><em>ἅρσην</em></strong></span> <span class='ocrx_word' id='word_1_431' title='bbox 1175 2019 1252 2047; x_wconf 70' lang='grc' dir='ltr'>κατὰ</span> <span class='ocrx_word' id='word_1_432' title='bbox 1274 2017 1426 2048; x_wconf 76' lang='grc' dir='ltr'><strong>διάλεκτον.</strong></span> <span class='ocrx_word' id='word_1_433' title='bbox 1447 2018 1494 2047; x_wconf 75' lang='grc' dir='ltr'>καὶ</span> <span class='ocrx_word' id='word_1_434' title='bbox 1515 2016 1620 2057; x_wconf 78' lang='grc' dir='ltr'><strong>ἐτυμο-</strong></span> 
     </span>
     <span class='ocr_line' id='line_1_64' title="bbox 917 2058 1621 2100; baseline 0.006 -12"><span class='ocrx_word' id='word_1_435' title='bbox 917 2060 1045 2097; x_wconf 79' lang='grc' dir='ltr'>λογεῖται</span> <span class='ocrx_word' id='word_1_436' title='bbox 1070 2062 1147 2099; x_wconf 75' lang='grc' dir='ltr'>παρὰ</span> <span class='ocrx_word' id='word_1_437' title='bbox 1172 2059 1205 2089; x_wconf 64' lang='lat' dir='ltr'>‘rb</span> <span class='ocrx_word' id='word_1_438' title='bbox 1230 2058 1307 2099; x_wconf 69' lang='grc' dir='ltr'>ἕςδω,</span> <span class='ocrx_word' id='word_1_439' title='bbox 1329 2060 1360 2091; x_wconf 76' lang='grc' dir='ltr'>ἵν’</span> <span class='ocrx_word' id='word_1_440' title='bbox 1383 2059 1401 2100; x_wconf 70' lang='grc' dir='ltr'><em>ᾖ</em></span> <span class='ocrx_word' id='word_1_441' title='bbox 1422 2060 1434 2089; x_wconf 80' lang='lat' dir='ltr'>o‘</span> <span class='ocrx_word' id='word_1_442' title='bbox 1459 2060 1621 2100; x_wconf 69' lang='grc' dir='ltr'>πςιικτικός.</span> 
     </span>
     <span class='ocr_line' id='line_1_65' title="bbox 917 2101 1620 2144; baseline 0.003 -13"><span class='ocrx_word' id='word_1_443' title='bbox 917 2101 1002 2136; x_wconf 74' lang='grc' dir='ltr'>οὕτως</span> <span class='ocrx_word' id='word_1_444' title='bbox 1016 2102 1173 2141; x_wconf 75' lang='grc' dir='ltr'><em>Ἡρώδης,</em></span> <span class='ocrx_word' id='word_1_445' title='bbox 1195 2101 1221 2132; x_wconf 78' lang='grc' dir='ltr'>ἐν</span> <span class='ocrx_word' id='word_1_446' title='bbox 1241 2103 1284 2143; x_wconf 67' lang='grc' dir='ltr'>τῷ</span> <span class='ocrx_word' id='word_1_447' title='bbox 1304 2103 1363 2144; x_wconf 78' lang='grc' dir='ltr'>περὶ</span> <span class='ocrx_word' id='word_1_448' title='bbox 1378 2103 1475 2143; x_wconf 73' lang='grc' dir='ltr'><em>γάμου</em></span> <span class='ocrx_word' id='word_1_449' title='bbox 1489 2103 1620 2142; x_wconf 74' lang='grc' dir='ltr'>συμβιώ-</span> 
     </span>
     <span class='ocr_line' id='line_1_66' title="bbox 917 2145 1620 2185; baseline 0.003 -11"><span class='ocrx_word' id='word_1_450' title='bbox 917 2155 998 2179; x_wconf 81' lang='grc' dir='ltr'><strong>σεως.</strong></span> <span class='ocrx_word' id='word_1_451' title='bbox 1050 2145 1178 2183; x_wconf 79' lang='lat' dir='ltr'>Legitur</span> <span class='ocrx_word' id='word_1_452' title='bbox 1204 2156 1323 2185; x_wconf 85' lang='lat' dir='ltr'>quoque</span> <span class='ocrx_word' id='word_1_453' title='bbox 1353 2147 1417 2175; x_wconf 86' lang='lat' dir='ltr'>haec</span> <span class='ocrx_word' id='word_1_454' title='bbox 1447 2147 1620 2176; x_wconf 88' lang='lat' dir='ltr'>observatio</span> 
     </span>
     <span class='ocr_line' id='line_1_67' title="bbox 917 2187 1619 2228; baseline 0.004 -12"><span class='ocrx_word' id='word_1_455' title='bbox 917 2187 948 2216; x_wconf 94' lang='lat' dir='ltr'>in</span> <span class='ocrx_word' id='word_1_456' title='bbox 962 2187 1066 2228; x_wconf 78' lang='lat' dir='ltr'>Etym.</span> <span class='ocrx_word' id='word_1_457' title='bbox 1080 2187 1130 2218; x_wconf 90' lang='lat' dir='ltr'>M.</span> <span class='ocrx_word' id='word_1_458' title='bbox 1142 2187 1246 2227; x_wconf 87' lang='lat' dir='ltr'>ibique</span> <span class='ocrx_word' id='word_1_459' title='bbox 1260 2193 1343 2218; x_wconf 88' lang='lat' dir='ltr'>recte</span> <span class='ocrx_word' id='word_1_460' title='bbox 1359 2188 1504 2218; x_wconf 85' lang='lat' dir='ltr'>tribuitur</span> <span class='ocrx_word' id='word_1_461' title='bbox 1518 2188 1619 2219; x_wconf 87' lang='lat' dir='ltr'>Hero-</span> 
     </span>
     <span class='ocr_line' id='line_1_68' title="bbox 920 2230 1114 2270; baseline 0 -10"><span class='ocrx_word' id='word_1_462' title='bbox 920 2230 1010 2260; x_wconf 88' lang='lat' dir='ltr'>diano</span> <span class='ocrx_word' id='word_1_463' title='bbox 1026 2240 1114 2270; x_wconf 89' lang='lat' dir='ltr'>opus.</span> 
     </span>
    </p>

    <p class='ocr_par' dir='ltr' id='par_1_9' title="bbox 915 2271 1620 2815">
     <span class='ocr_line' id='line_1_69' title="bbox 959 2271 1619 2312; baseline 0.003 -10"><span class='ocrx_word' id='word_1_464' title='bbox 959 2271 972 2290; x_wconf 85' lang='lat'><strong>⁶</strong></span> <span class='ocrx_word' id='word_1_465' title='bbox 995 2274 1032 2302; x_wconf 91' lang='lat' dir='ltr'>In</span> <span class='ocrx_word' id='word_1_466' title='bbox 1060 2273 1167 2312; x_wconf 86' lang='lat' dir='ltr'>primis</span> <span class='ocrx_word' id='word_1_467' title='bbox 1191 2274 1309 2303; x_wconf 87' lang='lat' dir='ltr'>amabat</span> <span class='ocrx_word' id='word_1_468' title='bbox 1330 2272 1472 2303; x_wconf 88' lang='lat' dir='ltr'>Herodes</span> <span class='ocrx_word' id='word_1_469' title='bbox 1502 2279 1619 2304; x_wconf 84' lang='lat' dir='ltr'>extem-</span> 
     </span>
     <span class='ocr_line' id='line_1_70' title="bbox 917 2316 1619 2355; baseline 0.003 -11"><span class='ocrx_word' id='word_1_470' title='bbox 917 2316 1020 2354; x_wconf 88' lang='lat' dir='ltr'>porale</span> <span class='ocrx_word' id='word_1_471' title='bbox 1032 2316 1153 2345; x_wconf 86' lang='lat' dir='ltr'>dicendi</span> <span class='ocrx_word' id='word_1_472' title='bbox 1166 2327 1271 2355; x_wconf 85' lang='lat' dir='ltr'>genus,</span> <span class='ocrx_word' id='word_1_473' title='bbox 1281 2317 1361 2355; x_wconf 89' lang='lat' dir='ltr'>quod</span> <span class='ocrx_word' id='word_1_474' title='bbox 1374 2316 1525 2355; x_wconf 80' lang='lat' dir='ltr'>sophistis</span> <span class='ocrx_word' id='word_1_475' title='bbox 1537 2317 1619 2347; x_wconf 86' lang='lat' dir='ltr'>illius</span> 
     </span>
     <span class='ocr_line' id='line_1_71' title="bbox 917 2358 1619 2397; baseline 0.004 -10"><span class='ocrx_word' id='word_1_476' title='bbox 917 2358 1014 2388; x_wconf 88' lang='lat' dir='ltr'>aetatis</span> <span class='ocrx_word' id='word_1_477' title='bbox 1041 2359 1173 2388; x_wconf 86' lang='lat' dir='ltr'>maxime</span> <span class='ocrx_word' id='word_1_478' title='bbox 1202 2359 1353 2397; x_wconf 88' lang='lat' dir='ltr'>placuisse</span> <span class='ocrx_word' id='word_1_479' title='bbox 1383 2360 1506 2394; x_wconf 89' lang='lat' dir='ltr'>scimus,</span> <span class='ocrx_word' id='word_1_480' title='bbox 1536 2364 1619 2390; x_wconf 85' lang='lat' dir='ltr'>tanto</span> 
     </span>
     <span class='ocr_line' id='line_1_72' title="bbox 915 2400 1620 2441; baseline 0.001 -11"><span class='ocrx_word' id='word_1_481' title='bbox 915 2400 966 2430; x_wconf 89' lang='lat' dir='ltr'>ille</span> <span class='ocrx_word' id='word_1_482' title='bbox 981 2401 1076 2440; x_wconf 85' lang='lat' dir='ltr'>magis</span> <span class='ocrx_word' id='word_1_483' title='bbox 1099 2402 1245 2431; x_wconf 84' lang='lat' dir='ltr'>recedens</span> <span class='ocrx_word' id='word_1_484' title='bbox 1264 2412 1281 2431; x_wconf 88' lang='lat' dir='ltr'>a</span> <span class='ocrx_word' id='word_1_485' title='bbox 1303 2402 1404 2431; x_wconf 85' lang='lat' dir='ltr'>nativa</span> <span class='ocrx_word' id='word_1_486' title='bbox 1426 2402 1620 2441; x_wconf 84' lang='lat' dir='ltr'>simplicitate</span> 
     </span>
     <span class='ocr_line' id='line_1_73' title="bbox 917 2443 1619 2483; baseline 0.003 -11"><span class='ocrx_word' id='word_1_487' title='bbox 917 2447 948 2472; x_wconf 89' lang='lat' dir='ltr'>et</span> <span class='ocrx_word' id='word_1_488' title='bbox 977 2443 1126 2483; x_wconf 88' lang='lat' dir='ltr'>elegantia</span> <span class='ocrx_word' id='word_1_489' title='bbox 1155 2444 1268 2480; x_wconf 88' lang='lat' dir='ltr'>Attica,</span> <span class='ocrx_word' id='word_1_490' title='bbox 1306 2448 1417 2483; x_wconf 86' lang='lat' dir='ltr'>quanto</span> <span class='ocrx_word' id='word_1_491' title='bbox 1453 2445 1619 2474; x_wconf 86' lang='lat' dir='ltr'>studiosius</span> 
     </span>
     <span class='ocr_line' id='line_1_74' title="bbox 917 2486 1617 2524; baseline 0.003 -10"><span class='ocrx_word' id='word_1_492' title='bbox 917 2486 1018 2515; x_wconf 81' lang='lat' dir='ltr'>sucum</span> <span class='ocrx_word' id='word_1_493' title='bbox 1043 2491 1073 2515; x_wconf 88' lang='lat' dir='ltr'>et</span> <span class='ocrx_word' id='word_1_494' title='bbox 1098 2486 1250 2524; x_wconf 84' lang='lat' dir='ltr'>pigmenta</span> <span class='ocrx_word' id='word_1_495' title='bbox 1273 2486 1418 2517; x_wconf 85' lang='lat' dir='ltr'>orationis</span> <span class='ocrx_word' id='word_1_496' title='bbox 1442 2492 1617 2522; x_wconf 79' lang='lat' dir='ltr'>sectaretur,</span> 
     </span>
     <span class='ocr_line' id='line_1_75' title="bbox 916 2528 1617 2568; baseline 0.001 -11"><span class='ocrx_word' id='word_1_497' title='bbox 916 2528 1110 2568; x_wconf 88' lang='lat' dir='ltr'>coloremque</span> <span class='ocrx_word' id='word_1_498' title='bbox 1126 2533 1157 2558; x_wconf 89' lang='lat' dir='ltr'>et</span> <span class='ocrx_word' id='word_1_499' title='bbox 1172 2533 1346 2559; x_wconf 79' lang='lat' dir='ltr'>ornamenta</span> <span class='ocrx_word' id='word_1_500' title='bbox 1361 2540 1377 2559; x_wconf 86' lang='lat' dir='ltr'>e</span> <span class='ocrx_word' id='word_1_501' title='bbox 1392 2530 1556 2568; x_wconf 85' lang='lat' dir='ltr'>longinquo</span> <span class='ocrx_word' id='word_1_502' title='bbox 1569 2539 1617 2558; x_wconf 81' lang='lat' dir='ltr'>ar-</span> 
     </span>
     <span class='ocr_line' id='line_1_76' title="bbox 917 2571 1618 2611; baseline 0 -11"><span class='ocrx_word' id='word_1_503' title='bbox 917 2576 1063 2607; x_wconf 87' lang='lat' dir='ltr'>cesseret,</span> <span class='ocrx_word' id='word_1_504' title='bbox 1090 2571 1228 2601; x_wconf 88' lang='lat' dir='ltr'>doctrina</span> <span class='ocrx_word' id='word_1_505' title='bbox 1254 2571 1356 2611; x_wconf 87' lang='lat' dir='ltr'>potius</span> <span class='ocrx_word' id='word_1_506' title='bbox 1381 2582 1470 2611; x_wconf 83' lang='lat' dir='ltr'>quam</span> <span class='ocrx_word' id='word_1_507' title='bbox 1497 2571 1618 2609; x_wconf 81' lang='lat' dir='ltr'>ingenio</span> 
     </span>
     <span class='ocr_line' id='line_1_77' title="bbox 919 2613 1620 2654; baseline -0.001 -10"><span class='ocrx_word' id='word_1_508' title='bbox 919 2613 1033 2644; x_wconf 82' lang='lat' dir='ltr'>valens.</span> <span class='ocrx_word' id='word_1_509' title='bbox 1093 2614 1287 2654; x_wconf 83' lang='lat' dir='ltr'>Eandemque</span> <span class='ocrx_word' id='word_1_510' title='bbox 1320 2615 1451 2645; x_wconf 86' lang='lat' dir='ltr'>indolem</span> <span class='ocrx_word' id='word_1_511' title='bbox 1486 2614 1620 2643; x_wconf 84' lang='lat' dir='ltr'>referunt</span> 
     </span>
     <span class='ocr_line' id='line_1_78' title="bbox 917 2655 1619 2696; baseline 0.001 -11"><span class='ocrx_word' id='word_1_512' title='bbox 917 2657 977 2685; x_wconf 90' lang='lat' dir='ltr'>duo</span> <span class='ocrx_word' id='word_1_513' title='bbox 987 2656 1040 2686; x_wconf 87' lang='lat' dir='ltr'>illa</span> <span class='ocrx_word' id='word_1_514' title='bbox 1051 2657 1193 2693; x_wconf 87' lang='lat' dir='ltr'>carmina,</span> <span class='ocrx_word' id='word_1_515' title='bbox 1204 2667 1272 2696; x_wconf 82' lang='lat' dir='ltr'>quae</span> <span class='ocrx_word' id='word_1_516' title='bbox 1283 2657 1399 2687; x_wconf 87' lang='lat' dir='ltr'>Herodi</span> <span class='ocrx_word' id='word_1_517' title='bbox 1412 2661 1445 2686; x_wconf 91' lang='lat' dir='ltr'>ut</span> <span class='ocrx_word' id='word_1_518' title='bbox 1457 2655 1619 2694; x_wconf 85' lang='lat' dir='ltr'>plurimum</span> 
     </span>
     <span class='ocr_line' id='line_1_79' title="bbox 917 2697 1617 2739; baseline -0.003 -10"><span class='ocrx_word' id='word_1_519' title='bbox 917 2699 1142 2729; x_wconf 85' lang='lat' dir='ltr'>adscribuntur.</span> <span class='ocrx_word' id='word_1_520' title='bbox 1194 2700 1372 2739; x_wconf 88' lang='lat' dir='ltr'>Quanquam</span> <span class='ocrx_word' id='word_1_521' title='bbox 1399 2700 1437 2728; x_wconf 89' lang='lat' dir='ltr'>de</span> <span class='ocrx_word' id='word_1_522' title='bbox 1466 2697 1514 2728; x_wconf 90' lang='lat' dir='ltr'>his</span> <span class='ocrx_word' id='word_1_523' title='bbox 1539 2709 1617 2737; x_wconf 84' lang='lat' dir='ltr'>prae-</span> 
     </span>
     <span class='ocr_line' id='line_1_80' title="bbox 917 2741 1616 2781; baseline 0 -11"><span class='ocrx_word' id='word_1_524' title='bbox 917 2741 1028 2771; x_wconf 82' lang='lat' dir='ltr'>clarius</span> <span class='ocrx_word' id='word_1_525' title='bbox 1055 2742 1162 2772; x_wconf 82' lang='lat' dir='ltr'>statuit</span> <span class='ocrx_word' id='word_1_526' title='bbox 1183 2743 1335 2778; x_wconf 89' lang='lat' dir='ltr'>Visconti,</span> <span class='ocrx_word' id='word_1_527' title='bbox 1359 2751 1447 2781; x_wconf 89' lang='lat' dir='ltr'>quem</span> <span class='ocrx_word' id='word_1_528' title='bbox 1473 2751 1503 2770; x_wconf 73' lang='lat' dir='ltr'>v,</span> <span class='ocrx_word' id='word_1_529' title='bbox 1531 2751 1562 2779; x_wconf 86' lang='lat' dir='ltr'>p.</span> <span class='ocrx_word' id='word_1_530' title='bbox 1585 2742 1616 2770; x_wconf 87' lang='grc'>3.</span> 
     </span>
     <span class='ocr_line' id='line_1_81' title="bbox 919 2785 1159 2815; baseline 0.004 -1"><span class='ocrx_word' id='word_1_531' title='bbox 919 2788 948 2814; x_wconf 88' lang='lat' dir='ltr'>et</span> <span class='ocrx_word' id='word_1_532' title='bbox 964 2787 995 2814; x_wconf 87' lang='grc'><strong>’7.</strong></span> <span class='ocrx_word' id='word_1_533' title='bbox 1020 2785 1159 2815; x_wconf 74' lang='grc' dir='ltr'><strong>ΕιοΗεΤ.</strong></span> 
     </span>
    </p>

    <p class='ocr_par' dir='ltr' id='par_1_10' title="bbox 920 2825 1617 2951">
     <span class='ocr_line' id='line_1_82' title="bbox 958 2825 1617 2860; baseline -0.006 -3"><span class='ocrx_word' id='word_1_534' title='bbox 958 2829 972 2849; x_wconf 89' lang='grc'>7</span> <span class='ocrx_word' id='word_1_535' title='bbox 994 2827 1061 2857; x_wconf 84' lang='lat' dir='ltr'>Jam</span> <span class='ocrx_word' id='word_1_536' title='bbox 1088 2827 1117 2856; x_wconf 90' lang='lat' dir='ltr'>in</span> <span class='ocrx_word' id='word_1_537' title='bbox 1142 2827 1233 2858; x_wconf 81' lang='lat' dir='ltr'>Praef.</span> <span class='ocrx_word' id='word_1_538' title='bbox 1258 2825 1372 2860; x_wconf 90' lang='lat' dir='ltr'>monui,</span> <span class='ocrx_word' id='word_1_539' title='bbox 1396 2825 1517 2854; x_wconf 88' lang='lat' dir='ltr'>minime</span> <span class='ocrx_word' id='word_1_540' title='bbox 1541 2825 1617 2854; x_wconf 85' lang='lat' dir='ltr'>Ora-</span> 
     </span>
     <span class='ocr_line' id='line_1_83' title="bbox 920 2867 1617 2909; baseline -0.004 -10"><span class='ocrx_word' id='word_1_541' title='bbox 920 2870 1030 2899; x_wconf 86' lang='lat' dir='ltr'>tionem</span> <span class='ocrx_word' id='word_1_542' title='bbox 1052 2869 1089 2899; x_wconf 90' lang='lat' dir='ltr'>ab</span> <span class='ocrx_word' id='word_1_543' title='bbox 1113 2870 1239 2900; x_wconf 88' lang='lat' dir='ltr'>Herode</span> <span class='ocrx_word' id='word_1_544' title='bbox 1262 2869 1437 2909; x_wconf 75' lang='lat' dir='ltr'>profectam,</span> <span class='ocrx_word' id='word_1_545' title='bbox 1462 2867 1516 2897; x_wconf 87' lang='lat' dir='ltr'>sed</span> <span class='ocrx_word' id='word_1_546' title='bbox 1540 2877 1617 2906; x_wconf 82' lang='lat' dir='ltr'>opus</span> 
     </span>
     <span class='ocr_line' id='line_1_84' title="bbox 920 2909 1616 2951; baseline -0.004 -9"><span class='ocrx_word' id='word_1_547' title='bbox 920 2922 988 2942; x_wconf 84' lang='lat' dir='ltr'>esse</span> <span class='ocrx_word' id='word_1_548' title='bbox 1003 2912 1154 2950; x_wconf 85' lang='lat' dir='ltr'>Sophistae</span> <span class='ocrx_word' id='word_1_549' title='bbox 1168 2911 1316 2951; x_wconf 84' lang='lat' dir='ltr'>anonymi.</span> <span class='ocrx_word' id='word_1_550' title='bbox 1354 2910 1424 2940; x_wconf 85' lang='lat' dir='ltr'>Fuit</span> <span class='ocrx_word' id='word_1_551' title='bbox 1446 2909 1524 2940; x_wconf 85' lang='lat' dir='ltr'>enim</span> <span class='ocrx_word' id='word_1_552' title='bbox 1541 2915 1616 2941; x_wconf 83' lang='lat' dir='ltr'>tem-</span> 
     </span>
    </p>
   </div>
  </div>
 </body>
</html>
