1981 3255
299 210 381 249 370
705 206 1022 249 PRAEFATlo
1051 209 1308 251 TAYLORI

299 336 386 373 quae
409 329 447 360 et
466 333 591 359 causae
611 321 648 358 in
668 334 706 358 se
732 322 848 359 habet
870 323 1139 360 tractationem
1158 322 1428 372 gravissimam,
1448 329 1505 359 est
1525 322 1622 359 enim
1643 328 1723 360 tota

298 384 431 428 civilis,
459 395 545 432 quae
573 389 611 419 et
639 384 821 420 orationis
851 382 1004 420 flumine
1033 390 1072 420 et
1097 385 1129 420 vi
1150 384 1348 421 verborum
1378 384 1523 421 animos
1552 390 1722 421 nostrum

297 445 484 489 omnium,
507 443 573 493 qui
592 444 759 493 antiquae
776 451 813 480 et
829 456 927 480 verae
946 444 1183 493 Eloquentiae
1204 445 1366 494 imagine
1386 445 1609 488 excitamur,
1629 456 1725 480 sem-

298 518 364 555 per
384 503 598 554 percelluit,
614 517 686 540 non
708 504 898 550 indignam
914 516 995 540 esse
1010 504 1198 552 judicavi,
1213 518 1324 552 quam
1343 505 1725 542 Demosthenicarum

298 567 464 603 omnium
492 565 569 602 fere
600 564 754 613 optimae
788 562 1006 613 [Midianae]
1044 564 1218 601 comitem
1252 566 1516 614 adjungerem.
1572 565 1727 602 Verum-

299 633 423 664 tamen
444 625 619 675 prol'ecto
640 637 682 660 ea
704 623 815 659 laude
835 636 922 660 cum
940 623 1086 668 floreat,
1102 631 1140 662 et
1161 632 1264 663 tauta
1285 626 1405 674 gratia
1429 626 1477 662 sit
1497 626 1727 674 conscripta,

299 695 480 738 quantam
518 686 632 722 modo
673 684 893 734 praedicavi,
927 692 962 722 et
997 685 1059 722 Tu
1095 686 1252 734 perinde
1290 686 1460 736 proxime
1494 686 1727 736 experiendo

300 750 450 791 senties,
473 759 546 783 non
568 746 676 783 aliter
703 752 826 782 tamen
853 752 918 783 aut
944 745 1117 783 dissimili
1149 746 1370 784 conditione
1401 747 1513 784 bodie
1533 751 1726 798 evulgasse

300 809 389 845 mihi
411 808 555 851 videor,
576 819 688 855 quam
721 805 842 842 Aldus
873 806 1083 850 Manutius,
1113 808 1176 855 qui
1195 807 1427 857 jampridem
1455 820 1502 844 ex
1529 808 1729 844 bibliothe-

297 881 426 906 carum
446 867 650 905 solitudine
670 867 767 903 eruit
788 873 825 903 et
847 870 950 917 typis
973 867 1172 916 descripsit
1191 868 1346 917 primus.
1405 867 1511 905 Licet
1527 868 1623 904 enim
1648 880 1728 904 mos

298 945 446 982 semper
467 931 594 975 fuerit,
611 938 652 967 ut
674 944 749 967 non
770 930 847 967 sine
866 930 1006 967 invidia
1025 931 1342 975 desideraremus,
1364 943 1448 978 quae
1469 931 1732 968 diuturnitatis

298 993 536 1030 inclementia
558 991 668 1028 nobis
687 992 839 1041 eripuit,
867 991 1075 1041 aliquando
1104 998 1228 1029 tamen
1256 991 1412 1038 accidit,
1434 998 1475 1029 ut
1500 1004 1575 1029 non
1604 991 1730 1029 minus

300 1054 466 1091 studiose
489 1052 781 1102 negligeremus,
806 1065 892 1101 quae
914 1051 1126 1100 reliquerit.
1441 1049 1445 1051 ’

351 1115 446 1151 Eam
479 1113 596 1150 fuisse
620 1112 779 1162 hujusce
803 1112 1000 1150 Orationis
1029 1112 1237 1159 fortunam,
1259 1114 1345 1163 quis
1371 1120 1443 1159 est,
1469 1113 1534 1163 qui
1560 1112 1732 1150 nesciat?

299 1174 423 1212 Nemo
443 1187 545 1219 sane,
565 1180 704 1223 praeter
724 1186 805 1217 eos,
829 1173 893 1221 qui
916 1173 1135 1222 hujusmodi
1158 1173 1383 1211 Orationem
1408 1174 1562 1212 omnino
1582 1180 1730 1211 exstare

298 1237 553 1274 nesciverunt.
623 1235 798 1278 Quorum
827 1234 981 1284 quidem
1013 1248 1187 1272 numerus
1222 1248 1295 1272 non
1329 1242 1388 1273 est
1417 1237 1729 1273 contemnendus.

299 1296 369 1334 Ille
387 1303 527 1341 autem,
541 1308 587 1333 ne
609 1296 707 1333 ultra
726 1295 881 1333 modum
899 1301 1150 1340 excresceret,
1171 1296 1314 1340 curavi,
1329 1303 1368 1333 ut
1389 1309 1512 1346 neque
1529 1296 1730 1346 Exempla-

301 1359 394 1395 rium
417 1358 647 1408 paucitatem
677 1357 836 1406 amplius
858 1356 1006 1393 causari
1037 1358 1244 1406 potuerint,
1271 1370 1411 1407 neque,
1441 1358 1472 1394 si
1499 1358 1555 1395 fas
1580 1358 1627 1395 sit
1655 1357 1730 1394 hoc

299 1420 411 1457 etiam
441 1418 623 1468 adjicere,
657 1430 787 1455 eorum
819 1418 1052 1458 mendosam.
1086 1424 1127 1455 nt
1157 1418 1263 1464 olim,
1291 1425 1328 1455 et
1360 1417 1570 1468 neglectam
1603 1417 1733 1456 condi-

302 1481 464 1518 tionem.

357 1542 540 1578 Lecturus
567 1542 698 1590 itaque
720 1540 942 1584 orationem,
969 1539 1051 1576 fere
1072 1540 1169 1576 ultra
1193 1545 1332 1577 sortem
1353 1539 1575 1588 hujusmodi
1606 1540 1731 1577 litera-

301 1615 396 1647 rum,
423 1615 510 1651 quae
533 1609 657 1638 tamen
679 1601 744 1637 diu
768 1600 988 1649 gravissima
1009 1599 1094 1644 fuit,
1126 1599 1302 1637 obrutam
1333 1607 1372 1638 et
1399 1600 1600 1649 sepultam,
1629 1599 1733 1650 prius

300 1663 385 1711 ejus
406 1662 641 1699 historiolam
663 1662 794 1710 paucis
817 1674 838 1697 a
861 1673 917 1697 me
938 1661 1086 1710 accipe.
1143 1660 1339 1698 Laudatur
1361 1661 1564 1712 aliquoties
1587 1674 1631 1698 ea
1650 1661 1734 1711 ipsa

300 1723 438 1767 oratio,
460 1736 532 1772 qua
556 1721 669 1759 hodie
687 1722 829 1758 utimur
849 1721 884 1757 in
897 1720 1045 1757 Lexicis
1062 1720 1293 1765 Rhetoricis,
1310 1721 1492 1770 imprimis
1507 1720 1542 1758 in
1556 1721 1621 1759 iilo
1639 1721 1736 1760 Har-

299 1783 544 1834 pocrationis‚
564 1795 598 1819 v.
622 1783 844 1825 Αὐτόλυκος,
861 1781 1085 1832 Εὐρυμέδων,
1099 1781 1325 1831 Ἵππαρχος,
1341 1783 1532 1830 Κατ-α’γειν
1546 1785 1591 1820 τά
1606 1787 1734 1826 πλοῖα,

299 1851 338 1882 et
361 1844 560 1894 Τυρταῖος.
590 1843 652 1888 Et,
679 1849 812 1879 contra
840 1855 952 1891 quam
979 1842 1209 1892 reliquorum
1238 1842 1448 1880 Rhetorum
1480 1843 1733 1881 monumentis

300 1917 370 1942 usu
388 1904 516 1942 venire
537 1904 647 1947 solet,
673 1903 724 1940 ita
744 1904 793 1939 ab
812 1903 945 1939 eodem
969 1903 1158 1947 laudatur,
1183 1903 1247 1952 qui
1270 1910 1394 1945 tamen
1409 1902 1531 1951 judex
1553 1903 1738 1940 morosior

299 1966 417 2003 fuisse
433 1965 596 2010 videtur,
609 1978 681 2001 una
696 1978 780 2001 cum
801 1965 949 2001 caeteris
965 1965 1145 2002 Auctoris
1162 1966 1282 2002 nostri
1298 1964 1548 2002 Orationibus
1565 1965 1674 2002 XIV.
1694 1971 1736 2004 ut

301 2031 441 2068 nullam
463 2030 497 2067 ei
515 2029 572 2066 vel
593 2029 815 2066 levissimam
832 2030 1026 2072 νοθεὺσεως
1046 2029 1303 2080 suspicionem
1326 2030 1503 2068 inureret.
1549 2031 1737 2070 Constare

301 2091 397 2128 enim
416 2103 527 2140 posse
542 2090 707 2127 arbitror
723 2103 767 2127 ex
787 2090 845 2135 iis,
859 2103 945 2140 quae
962 2090 1141 2141 leguntur
1155 2090 1192 2128 in
1210 2091 1349 2128 Photio
1363 2091 1462 2129 Cocl.
1481 2092 1737 2130 CCLXVIII.

303 2157 343 2189 et
362 2151 480 2188 Suida
502 2151 538 2188 in
556 2164 648 2188 voce
668 2149 904 2201 Λυκοῦργος,
934 2150 1049 2189 fuisse
1077 2152 1167 2190 olim
1195 2159 1234 2190 et
1256 2153 1350 2190 alias
1378 2166 1493 2203 porro
1518 2153 1739 2200 Orationes,

305 2223 391 2261 quae
420 2211 505 2248 liuic
537 2211 726 2261 scriptori,
752 2224 880 2249 verum
912 2212 1011 2249 mala
1038 2212 1128 2258 tide,
1163 2213 1498 2257 adscriberentur;
1529 2213 1739 2252 accedente

305 2278 431 2310 autem
459 2271 671 2321 priscorum
703 2272 897 2310 bominum
919 2272 1034 2318 Crisi,
1057 2286 1144 2323 quae
1174 2273 1438 2324 ambiguorum
1467 2275 1738 2325 opusculorum

305 2339 442 2370 sortem
459 2333 633 2371 dirimere
649 2333 1050 2383 solebat‚jampridem
1064 2335 1302 2372 intercidisse
1315 2336 1372 2373 vel
1386 2335 1504 2384 ipsam
1521 2335 1738 2373 memoriam

304 2407 432 2432 earum
460 2395 640 2440 omnium,
661 2398 733 2446 οὺχ
757 2397 1021 2446 εὑρισκομένων
1046 2396 1095 2434 ’ένι
1120 2402 1191 2434 τῶν
1223 2397 1290 2435 ὑπὸ
1324 2395 1516 2444 διαβολὴν
1534 2398 1738 2443 πεσόντων,

306 2458 403 2500 ἅπαξ
417 2459 492 2505 γάρ
504 2455 762 2500 ἀποκριθέντες
775 2456 1071 2507 παρεωρᾶἓησαν
1086 2461 1143 2506 (ut
1163 2458 1333 2507 loquitur
1347 2458 1445 2495 idem
1467 2457 1623 2494 Pholius
1638 2457 1737 2494 Cod.

306 2517 502 2555 CCLXll.
520 2519 556 2555 in
573 2531 685 2556 causa
701 2531 775 2555 non
793 2519 998 2567 dissimili),
1016 2520 1072 2557 his
1089 2526 1213 2557 tamen
1232 2519 1305 2557 XV
1319 2519 1503 2568 exceptis.
1535 2519 1616 2556 lllae
1636 2519 1737 2557 enim

306 2578 412 2623 solae,
433 2586 588 2628 propter
609 2582 847 2627 γνησιότητα,
869 2587 1019 2617 aetatem
1049 2581 1338 2625 diuturniorem,
1360 2593 1445 2617 nam
1476 2581 1512 2617 in
1536 2580 1639 2618 Vett.
1662 2593 1739 2618 mo-

307 2639 497 2676 numentis
518 2639 725 2688 saepissime
742 2640 1003 2687 adducuntur,
1019 2642 1164 2679 idcirco
1185 2642 1315 2679 tulere.
1362 2641 1489 2678 Verba
1509 2643 1635 2678 autem
1657 2641 1739 2678 Sui-

307 2699 369 2738 dae
392 2706 502 2737 sunt:
533 2697 639 2748 λόγοι
658 2700 696 2737 δὲ
717 2703 827 2739 αὑτοῦ
847 2703 940 2740 εἰσὶν
958 2704 992 2740 οἱ
1013 2702 1208 2751 σωζόμενοι
1228 2703 1387 2749 γνήσιοι,
1414 2715 1468 2739 sc.
1488 2715 1558 2747 eae,
1578 2715 1664 2750 quoe
1684 2701 1736 2740 ibi

309 2767 531 2811 sequuntur.
597 2761 811 2810 Legebatur
839 2775 953 2812 porro
981 2776 1054 2800 non
1085 2763 1207 2799 minus
1236 2761 1403 2799 studiose
1433 2775 1453 2798 a
1491 2762 1734 2807 Rbetoribus,

308 2821 385 2859 sive
405 2820 461 2866 iis,
478 2820 542 2871 qui
559 2825 676 2858 artem
692 2821 844 2859 dicendi
862 2823 978 2860 literis
994 2822 1194 2860 tradebant
1215 2835 1223 2865 ;
1247 2835 1369 2873 neque
1383 2823 1428 2861 ad
1445 2823 1554 2861 aliam
1573 2822 1734 2862 fortasse

307 2881 442 2919 alludit
456 2881 678 2918 Orationem
700 2881 960 2931 Hermogenes
977 2883 1013 2919 in
1033 2883 1198 2928 Judieio,
1212 2883 1316 2932 quod
1339 2884 1386 2920 de
1406 2886 1590 2933 scriptore
1603 2891 1734 2922 nostro

308 2943 394 2981 tulit
413 2942 460 2980 de
485 2942 607 2979 forma
625 2941 702 2979 dic.
727 2941 777 2979 11.
801 2955 841 2992 p.
863 2947 954 2981 500.
974 2943 1036 2981 ed.
1059 2943 1172 2981 Laur.
1192 2951 1323 2995 χρῆται
1348 2943 1382 2982 δὲ
1402 2945 1630 2996 (Lycurgus)
1646 2946 1735 2982 πολὲ

306 3008 394 3047 λαῖς
421 3003 599 3046 πολλάκις
628 3006 684 3040 καὶ
718 3009 796 3045 ταῖς
827 3002 1096 3052 παρεκβάσεων
1124 3005 1181 3040 ἐπὶ
1208 3004 1358 3055 μύθους,
1389 3008 1447 3043 καὶ
1475 2999 1649 3056 ἱστορίας,
1676 3003 1734 3042 καὶ
