1981 3255
113 411 162 446 10

495 223 694 264 ΚΑΤΑ
749 220 1290 265 ΛΕΩΚΡΑΤΟΤΣ.

1509 216 1617 264 453

559 333 681 362 Κεῖσθοιι
696 331 797 371 πρόσθε
809 330 869 362 νέων
883 332 961 373 ἄνδρα
973 332 1161 373 παλαιότεςον,

511 374 578 405 ’Ἤδη
595 373 686 405 λευκὸν
699 374 800 416 ἔχοντα
815 376 880 414 κάρη
892 375 985 406 πολιόν
999 386 1032 405 τε
1049 375 1156 413 γένειον,

558 417 653 456 Θυμόν
667 417 846 448 ἀποπνείοντ’
853 418 976 458 ἄλκιμον
992 419 1018 450 ἐν
1031 417 1112 459 κονίη,

516 459 689 500 Αἷμα-τόεντ’
705 460 796 490 αἰδοῖοι
817 460 913 499 φίλαις
928 461 954 491 ἐν
969 462 1065 503 χεςσῖν
1084 462 1188 503 ἔχοντα

558 521 601 526 —-
616 504 732 544 Αἶα-χροὶ
748 504 787 532 τά
802 502 830 541 γ’
842 503 901 543 ὅφθ
903 507 1008 543 αλμοῖς
1028 504 1073 533 καὶ
1088 505 1239 543 νεμεσητὸν
1255 505 1361 534 ἰδεῖν*

518 545 570 575 Καὶ
585 546 657 587 χρόα
670 546 870 586 γυμνωθέντα.
887 546 969 577 νέοισι
986 547 1013 577 δὲ
1030 547 1114 578 πάντ’
1128 547 1259 584 ἐπέοικεν,

557 587 661 628 ”’ῑοφξ
673 588 770 630 ἐρατῆς
780 589 848 623 nen:
859 589 960 628 ἀγλαόν
976 590 1081 624 ἄνθος”
1071 603 1133 633 exp·

776 664 783 682 ¹
807 664 861 704 ἄξσ.
874 668 924 699 τῆς
940 667 974 695 Τ.
989 667 1028 696 R.

225 749 322 784 Φίλαις
335 748 384 789 ἐνὶ]
400 750 434 779 B.
450 754 480 779 et
490 750 574 779 Vrat.
587 750 661 779 mire
673 748 733 789 φίλ’
747 749 792 784 ivi,
805 752 883 780 unde

183 794 333 833 vulgatam
351 791 377 821 ἐν
387 792 552 822 emendavi.
597 793 711 822 Eodem
722 793 784 822 fere
796 795 883 823 modo

183 836 285 866 versui
298 845 439 865 succurre
455 846 503 875 ap.
516 836 711 865 Sclioliastam
725 836 884 872 Aristidis,

183 890 270 919 quem
288 884 357 918 post
372 879 551 908 Creuzerum
574 879 611 907 ad
635 878 744 908 Plotin.
763 880 801 909 de
818 880 886 919 pul-

183 925 252 952 crit-
280 932 312 960 p.
341 924 412 952 465.
441 921 643 951 Sclmeiderus
673 922 814 952 Addend.
848 924 885 952 ad

186 965 382 1003 Xenophont.
398 967 510 1003 Opusc.
527 964 617 994 Polit.
629 976 659 1003 p.
672 967 745 994 471.
758 966 886 1004 profert:

185 1008 227 1037 ibi
249 1014 303 1046 pro
326 1007 424 1039 Βάπτε
442 1006 479 1046 μ’
500 1006 533 1036 ἐνὶ
552 1006 710 1048 θυμέλῃσιν
730 1018 887 1049 perperam

186 1051 300 1080 editum
314 1049 411 1082 Βάπτε
425 1050 465 1089 μὲ
481 1049 506 1080 ἓν
520 1040 688 1091 θυμέλησιν.
714 1052 845 1081 OSANN.

229 1093 345 1133 Αἶσχςέι
371 1094 412 1122 τά
432 1091 461 1130 γ’
478 1092 642 1132 ὅφὲοιλμοῖς
665 1093 712 1123 καὶ
739 1093 889 1134 νεμεσητὸν

187 1133 266 1176 ἰδεῖν]
289 1135 365 1165 dure
384 1136 551 1166 Reiskius
543 1147 573 1165 ιη
590 1136 748 1174 postremis
763 1139 888 1171 liaerens,

185 1189 250 1217 νεμε
253 1177 319 1208 σητ’
343 1176 429 1208 ἐνιδεῖν
446 1178 586 1217 conjecit,
610 1180 687 1218 quod
710 1180 888 1209 Thorlacius

188 1221 282 1250 hinc
274 1226 427 1250 intextum
439 1221 583 1260 suscepit,
597 1227 628 1251 at
639 1232 743 1252 vereor
754 1228 785 1252 ut
798 1228 890 1258 recte,

188 1263 337 1293 Franekio
358 1274 387 1301 p.
402 1264 473 1294 179.
487 1264 685 1303 adstipulans,
704 1266 756 1304 qui
778 1266 816 1294 de
834 1276 890 1294 usu

189 1307 275 1336 verbi
290 1305 378 1335 ἐνιδεῖν
391 1307 558 1345 praesertirn
574 1307 686 1346 Tyrtaei
704 1309 891 1347 temporibus

187 1349 387 1382 dubitandum
408 1360 475 1379 esse
501 1351 575 1379 bene
599 1350 724 1380 monuit.
777 1351 811 1380 In
835 1361 893 1390 qua

190 1391 292 1431 phrasi
308 1393 432 1422 Graecos
451 1392 541 1421 etiam
563 1393 674 1431 adjicio
699 1393 829 1432 simplici
850 1394 893 1423 uti

192 1435 284 1464 verbo
309 1435 415 1464 solere.
460 1436 572 1465 Contra
594 1436 743 1466 Franckio
768 1447 892 1475 prorsus

190 1477 351 1513 assentior,
364 1477 390 1507 si
403 1477 472 1516 quid
489 1479 659 1508 mutandum
670 1479 698 1509 in
711 1479 830 1518 vulgata
845 1479 883 1509 sit

189 1522 336 1560 νεμεσητοὶ
358 1519 420 1550 ἰδεῖν
441 1521 616 1560 corrigenti,
639 1522 813 1561 inlatumque
838 1533 894 1552 non

193 1574 232 1593 ex
258 1564 437 1601 digammate
461 1565 512 1593 sed
536 1566 572 1593 ab
594 1564 759 1594 imitatione
782 1566 896 1595 Home-

193 1606 256 1635 rica
289 1605 449 1644 repetenti.
507 1606 604 1643 Quam
633 1608 807 1637 sententiam
841 1608 898 1637 etsi

194 1652 299 1678 auctor
317 1648 465 1686 exemplis
481 1659 551 1678 sane
573 1649 752 1680 desideratis
769 1661 826 1680 non
846 1651 898 1679 ad-

194 1691 315 1725 struxit,
333 1696 430 1720 tamen
444 1696 525 1721 recte
545 1693 652 1721 tulisse
676 1694 807 1723 videtur.
852 1694 901 1723 Ita

195 1734 307 1763 hiatum
332 1734 445 1772 patitur
470 1736 591 1764 verbum
615 1735 713 1765 εἰδέναι
739 1737 899 1765 etiamnum

194 1778 274 1816 apud
304 1777 457 1806 Timonem
487 1778 703 1817 sillographum
733 1779 761 1807 in
794 1789 894 1813 versu,

193 1830 282 1859 quem
302 1824 403 1848 servat
418 1820 583 1850 Athenaeus
600 1824 651 1850 11.
667 1832 698 1860 p.
717 1823 790 1852 505.
807 1822 844 1851 F.
861 1822 895 1850 Τ.

193 1866 225 1894 4.
241 1874 271 1902 p.
287 1865 359 1893 380.
375 1863 423 1892 ed.
438 1863 607 1902 Schweigh.
621 1876 627 1893 ε

233 1922 287 1956 *Ως
302 1921 464 1952 ἀνέπλαττε
480 1924 602 1953 Πλάτων
617 1923 815 1964 πεπλασμένα

277 1964 424 2004 θαύματα
436 1965 521 1999 εἰδώς.

194 2023 320 2053 Hiatum
335 2025 372 2052 ab
394 2023 523 2053 Homeri
538 2025 703 2054 imitatione
720 2025 898 2063 pendentem

196 2067 226 2095 in
251 2067 437 2104 Empedoele
460 2067 574 2105 aliquot
598 2068 746 2106 exemplis
770 2069 901 2097 ostendit

196 2108 399 2138 Buttmaunus
414 2109 442 2138 in
459 2109 660 2140 Commentar.
677 2121 738 2140 soc.
756 2111 900 2150 philolog.

198 2151 350 2190 Lipsiens.
367 2151 426 2181 vol.
439 2154 469 2181 4.
488 2157 565 2192 part.
581 2156 609 2182 1.
625 2164 654 2191 p.
666 2155 718 2186 35.
762 2154 901 2183 Necdum

198 2198 297 2223 tamen
313 2194 392 2223 hunc
407 2194 506 2224 locum
519 2195 697 2225 crediderim
713 2201 900 2236 persanatum

198 2247 278 2272 esse,
296 2236 354 2266 nisi
369 2247 424 2275 pro
442 2243 526 2273 ΤΑΓ,
542 2239 622 2277 quod
642 2240 725 2277 justo
748 2239 796 2268 hic
820 2244 904 2269 caret

200 2289 301 2315 sensu,
322 2285 390 2309 ΓΑΡ
409 2280 580 2319 scripseris.
623 2282 708 2311 Nihil
731 2287 827 2312 autem
850 2283 902 2312 ho-

199 2332 264 2352 rum
290 2323 390 2352 statim
416 2323 447 2352 in
470 2328 614 2354 contexta
636 2326 774 2364 recipere
800 2331 904 2355 contra

199 2365 294 2396 MSS.
309 2365 518 2396 anctoritatem
536 2367 640 2397 ausim.
663 2369 766 2398 IDEM.

241 2407 401 2446 Νεμεσητόν
430 2409 507 2449 ἰδεῖν]
540 2410 644 2439 Malim
674 2409 808 2450 νεμεσητ’
833 2410 905 2450 (pro

197 2451 361 2491 νεμεσητὰ)
376 2450 475 2482 ἐνιδειν.
493 2453 532 2481 ob
549 2454 723 2491 praecedens
741 2454 852 2495 αἰσχρὰ
867 2454 906 2482 τά

200 2494 388 2532 ys.RE1sK.

242 2535 334 2566 Νέοισι
351 2536 378 2567 δὲ
402 2536 488 2567 πάντ’
510 2535 652 2579 ἐπέοικεν]
675 2539 834 2578 Interpres
857 2539 907 2569 hic

204 2579 404 2609 vadimonium
428 2581 574 2616 deseruit,
591 2585 621 2610 et
643 2592 680 2611 ex
700 2583 825 2618 Graecis,
849 2593 905 2612 nou

204 2632 274 2651 sane
300 2623 531 2659 ardentissimis,
553 2624 660 2654 Latina
685 2624 796 2663 frigida
825 2625 906 2655 fecit.

205 2664 349 2694 Proxime
365 2666 489 2705 ἇνδςάσιν
509 2665 536 2696 ἐν
556 2666 698 2697 θνητοῖσιν
717 2668 791 2706 legit
812 2668 907 2698 Scali-

206 2716 271 2744 ger.
314 2708 384 2738 Duo
400 2719 492 2759 porro·
506 2709 607 2744 Stichi,
623 2710 716 2750 quiin
734 2711 790 2740 fine
803 2711 907 2750 legun-

207 2753 267 2784 tur,
295 2760 333 2779 ex
363 2751 422 2781 alio
454 2751 541 2781 etiam
571 2753 737 2792 fragmento
772 2755 907 2793 ejusdem

208 2791 364 2829 scriptoris
379 2798 567 2833 repetuntur,
584 2796 650 2825 sine
671 2796 730 2826 ulla
750 2796 908 2832 varietate,

207 2844 225 2863 a
246 2833 367 2864 Stobaeo
389 2836 483 2866 Serm.
504 2838 659 2869 XLVIII.
682 2839 792 2878 quibus
813 2839 857 2869 ibi
878 2844 908 2869 et

207 2876 272 2906 haec
281 2887 399 2916 quoque
412 2880 645 2919 subjunguntur,
660 2892 702 2911 sc.

250 2934 353 2975 Μηςούς
367 2947 399 2965 τε
414 2937 520 2976 κνήμας
534 2950 567 2969 τε
587 2941 667 2971 κάτω
685 2941 732 2971 καὶ
746 2942 848 2982 στέρνα.
861 2942 908 2972 καὶ

336 2978 439 3019 ὤμους

294 3019 422 3056 Ἀσπίδος
435 3020 531 3061 εὖξείης
544 3024 648 3063 γαστρὶ
663 3026 874 3066 καλυψάμενος·

959 753 1092 795 Δεξιτεςῇ
1117 753 1140 783 δ’
1169 753 1194 784 ἓν
1220 755 1293 796 χειξὶ
1321 754 1482 786 τινασσέτω
1512 755 1624 796 ὄβριμον

1043 796 1054 806 ΙΙ

1043 808 1138 838 εγχος.

1002 839 1112 869 Κινείτω
1128 840 1156 870 δὲ
1171 840 1251 879 λόφον
1267 840 1343 871 δεινὸν
1357 840 1424 881 ὑπὲξ
1439 843 1574 881 κεφαλῆς,

919 920 950 943 et
972 926 1038 954 quae
1061 920 1227 954 sequuntur
1252 918 1316 954 ejus
1343 918 1461 955 generis
1484 917 1624 956 plurima·

920 959 1050 987 Phrasin
1074 966 1170 988 autem
1187 957 1215 988 εὖ
1237 959 1337 992 διαβὰς
1358 960 1472 998 optime
1495 961 1626 990 illustrat

924 1002 976 1029 Vir
1003 1002 1198 1032 doctissimus
1228 1003 1257 1031 in
1289 1003 1424 1032 Miscell.
1449 1003 1625 1033 Observan-

920 1045 956 1074 T.
968 1045 994 1073 Ι.
1008 1055 1038 1083 p.
1056 1049 1083 1074 1‘
1077 1047 1125 1075 ¹6.
1139 1046 1175 1074 ad
1189 1045 1241 1074 illa
1254 1046 1380 1075 Homeri
1398 1046 1488 1076 Iliad.
1502 1053 1540 1076 M.
1551 1050 1625 1078 457·

965 1113 1024 1142 Στῆ
1046 1111 1075 1141 δε
1100 1111 1175 1151 μάλ’
1200 1111 1284 1151 ἐγγυς
1310 1114 1364 1149 ἳὼν,
1387 1124 1432 1142 και
1457 1113 1628 1155 ἐρεισάμενος

1048 1154 1121 1187 Βάλε
1132 1166 1261 1195 peccas,

966 1195 1001 1226 Εὐ
1017 1197 1129 1232 διαβὰς,
1143 1197 1183 1228 rm
1198 1199 1265 1238 μή
1253 1199 1274 1227 οἳ
1291 1200 1470 1240 ἀφαυξότεξον
1481 1199 1563 1236 Βέλος
1577 1200 1627 1231 εἴη.

926 1272 1075 1302 Redditur
1089 1284 1095 1301 :
1124 1273 1257 1313 firmiter
1292 1275 1459 1305 divaricatis
1493 1275 1630 1305 cruribus

924 1321 1011 1345 stans.
1041 1315 1198 1346 TAYLoa.
1244 1317 1290 1346 Cf.
1316 1318 1457 1356 Apollon.
1480 1317 1583 1348 Rhod.
1607 1319 1629 1348 i.

927 1360 1019 1389 1199.
1043 1359 1093 1387 Et.
1110 1359 1163 1388 liv.
1179 1359 1210 1388 ii.
1229 1362 1278 1388 10.
1293 1364 1428 1399 “magno
1445 1361 1539 1399 gradu
1556 1371 1630 1400 pou-

925 1406 985 1431 tem
1002 1400 1174 1431 obtinere?
1215 1403 1331 1432 Locum
1347 1404 1459 1442 Tyftaei
1474 1403 1630 1442 persequiss

928 1449 975 1473 tur
989 1455 1107 1484 quoque
1126 1445 1212 1474 Plato
1227 1446 1266 1474 de
1283 1446 1376 1484 [segg.
1393 1450 1420 1475 1.
1431 1457 1463 1485 p.
1477 1450 1548 1477 144.
1560 1448 1631 1485 Bip.

887 1502 895 1515 ²
928 1487 1083 1517 Bsscmzn.
1095 1487 1141 1526 νέῳ
1150 1487 1178 1518 δέ
1188 1499 1220 1517 τε
1232 1487 1317 1518 πάντ’
1328 1487 1457 1525 ἐπέοικεν,
1472 1489 1632 1520 Heinrich.

971 1530 1059 1560 Νέοισι
1075 1530 1102 1560 δὲ
1125 1530 1211 1561 πάντ’
1224 1530 1360 1572 ἐπέοικεν]
1386 1532 1548 1571 Ingeniosa
1563 1533 1629 1571 qui-

931 1574 999 1602 dem
1017 1578 1062 1603 est
1077 1574 1246 1603 Thierscliii
1262 1574 1283 1603 l.
1299 1586 1325 1603 c.
1342 1576 1402 1604 vol.
1420 1579 1450 1604 1.
1466 1576 1537 1605 fasc.
1554 1578 1583 1605 2.
1601 1586 1632 1614 p.

932 1619 1005 1647 ⁶216.
1021 1621 1095 1645 etv.
1112 1620 1142 1646 2.
1161 1617 1181 1646 f.
1197 1619 1225 1646 Ξ.
1241 1627 1272 1655 p.
1290 1619 1362 1647 ⁶269.
1377 1619 1561 1656 conjectura,
1578 1629 1631 1648 oc-

933 1664 1041 1696 cupata
1052 1659 1113 1697 jam
1124 1659 1218 1689 multo
1230 1664 1296 1688 ante
1308 1661 1372 1689 aV.
1384 1662 1425 1690 D.
1438 1661 1466 1689 in
1480 1660 1632 1691 Biblioth.

934 1703 1036 1731 Germ.
1058 1702 1190 1732 univers.
1210 1702 1270 1731 vol.
1295 1705 1346 1733 12.
1363 1704 1445 1732 Sect.
1471 1707 1499 1733 1.
1512 1714 1541 1742 p.
1559 1707 1631 1735 149.

932 1744 979 1783 νέῳ
992 1743 1019 1774 δέ
1033 1755 1064 1773 τε
1075 1744 1159 1774 πάντ’
1170 1743 1298 1781 ἐπέοικεν,
1308 1756 1373 1784 quae
1386 1747 1478 1775 verba
1493 1747 1632 1776 nimirum

930 1793 1018 1825 poeta
1035 1788 1072 1816 ab
1094 1789 1230 1817 Homero
1251 1793 1404 1818 mutuatus
1428 1789 1478 1826 sit,
1496 1790 1525 1819 in
1542 1790 1634 1821 Iliad.

928 1840 964 1870 χ.
981 1833 1033 1860 71.
1050 1829 1175 1860 canente
1193 1843 1199 1860 z

1173 1898 1218 1928 νέω
1235 1898 1263 1928 δε
1280 1909 1310 1927 τε
1323 1899 1410 1929 πάντ’
1423 1898 1551 1930 ἐπέοικεν

972 1940 1191 1979 Ἀξηὶὶιτοιμένῳ,
1203 1933 1375 1981 ’δεδαΐγμένῳ
1390 1941 1448 1981 ὀξέϊ
1460 1943 1578 1984 χαλκῷ,

974 1983 1102 2012 usta-502³.

934 2050 975 2080 At
992 2051 1194 2079 necessariam
1216 2061 1279 2080 eam
1302 2052 1381 2081 haud
1399 2062 1467 2082 esse
1485 2053 1634 2083 Herman-

935 2103 989 2122 nus
1006 2093 1042 2122 ad
1059 2093 1161 2131 Viger.
1172 2104 1204 2132 p.
1217 2096 1290 2125 934.
1303 2095 1352 2124 ed.
1369 2105 1432 2124 sec.
1447 2096 1636 2126 demonstra-

936 2136 992 2171 vit,
1014 2146 1102 2175 quem
1128 2137 1293 2166 Franckius
1313 2141 1569 2177 quoquep.179.
1587 2150 1633 2169 se-

935 2183 1042 2208 cutus:
1087 2189 1254 2217 quanquam
1288 2182 1391 2216 newari
1426 2191 1484 2210 non
1520 2186 1637 2220 potest,

936 2221 1106 2259 exemplum
1123 2233 1159 2251 ex
1175 2222 1261 2272 epica
1275 2223 1408 2253 dictione
1423 2224 1565 2263 petitum,
1575 2235 1635 2264 quo

931 2266 1072 2302 junctura
1094 2263 1174 2295 νέοισι
1196 2263 1314 2295 ἐπέοικεν
1336 2284 1379 2289 —-
1396 2265 1455 2306 οφς’
1479 2267 1532 2308 ἔχῃ
1554 2279 1636 2298 com-

937 2309 1093 2347 probetur,
1121 2309 1219 2338 adhuc
1253 2309 1430 2340 desiderari.
1491 2311 1639 2347 Ejusdem

936 2350 1106 2380 Thierschii
1121 2357 1322 2382 commentum
1334 2351 1393 2392 οφς
1404 2352 1436 2383 ἂν
1448 2365 1497 2386 της
1507 2353 1637 2393 ηΒης-ρτο

938 2394 1041 2423 verbis
1062 2405 1131 2423 mox
1156 2405 1219 2433 seq.
1245 2394 1304 2436 ὄφρ’
1326 2395 1379 2435 ἄξοι
1400 2398 1449 2430 τῆς
1474 2396 1542 2432 ἥβης
1569 2408 1638 2427 cum

940 2436 1114 2467 Hermanno
1137 2438 1308 2468 Franckius
1331 2444 1415 2468 recte
1435 2440 1555 2478 rejecit,
1578 2450 1638 2470 nou

939 2480 1010 2508 item
1027 2485 1144 2515 cautus,
1155 2491 1246 2520 quum
1259 2481 1412 2521 egregiam
1426 2482 1638 2513 Valckenaerii

944 2523 1040 2552 Diatr.
1057 2533 1089 2561 p.
1104 2526 1178 2554 293.
1193 2523 1234 2553 A.
1252 2526 1452 2562 conjecturam
1468 2525 1527 2566 οφρ’
1540 2537 1639 2566 εςατγς

941 2565 1018 2600 ἥβης,
1034 2565 1063 2594 ἰι]
1079 2577 1168 2604 quam
1185 2567 1274 2597 etiam
1293 2569 1486 2598 Hermannus
1507 2569 1527 2598 l.
1544 2580 1571 2599 c.
1592 2570 1638 2598 in-

942 2608 1027 2644 cidit,
1039 2609 1127 2648 plane
1142 2609 1318 2649 negligeret.
1362 2611 1433 2641 Hoc
1446 2612 1522 2641 enim
1533 2612 1638 2642 certis-

942 2651 1050 2680 simum
1066 2652 1232 2687 inventum,
1246 2654 1327 2693 quod
1339 2654 1428 2683 etiam
1441 2655 1597 2684 Brunckio
1608 2659 1641 2684 et

941 2699 1049 2734 postea
1069 2695 1242 2725 Meineckio
1264 2698 1337 2726 Cur.
1352 2697 1428 2726 crit.
1447 2697 1475 2726 in
1499 2697 1640 2727 Comicu-

942 2747 1006 2766 rum
1023 2737 1187 2775 fragmenta
1199 2739 1236 2768 ab
1252 2738 1398 2769 Athenaeo
1413 2745 1532 2769 servata
1546 2750 1577 2778 p.
1587 2741 1639 2769 68.

944 2780 1033 2810 valde
1049 2781 1141 2811 miror
1155 2782 1357 2820 displicuisse,
1367 2783 1548 2812 auctoritate
1556 2783 1641 2811 codi-

944 2833 1011 2852 cum
1038 2825 1073 2853 B.
1100 2828 1132 2854 et
1151 2825 1237 2854 Vrat.
1272 2825 1415 2861 firmatur,
1441 2825 1640 2862 Passoviique

945 2866 1121 2904 suffragium
1152 2868 1225 2897 tulit
1254 2868 1391 2907 Symbol.
1415 2867 1491 2897 Crit.
1527 2877 1559 2905 p.
1588 2869 1641 2897 30.

944 2909 1115 2940 Franckius
1132 2912 1319 2950 conjecerat:

988 2967 1046 3008 ὄφρ’
1060 2969 1112 3010 ἄρα
1127 2968 1172 3002 τίς
1185 2968 1220 3010 χ’
1234 2969 1301 3002 ἥβης
1315 2967 1421 3006 ἀγλαὸν
1435 2966 1519 3000 ἄνθος
1530 2965 1594 3007 ἔχῃ.

1470 3027 1602 3057 ΟεΑΝΝ.

1638 539 1715 573 214
