1981 3255
726 186 1123 229 SUMMARIUM.
1559 192 1642 234 387

211 301 330 351 Igitur
356 314 443 340 cum
468 301 586 339 δειλία
614 311 769 349 quoque
797 306 1039 338 accusaretur
1059 300 1364 346 denunciatione,
1384 309 1423 341 et
1445 304 1639 342 Leocratis

209 362 298 411 fuga
320 363 438 400 simile
456 360 638 399 delictum
652 373 734 398 esse
750 359 958 407 videretur,
974 373 1050 399 non
1071 361 1203 400 mirum
1225 368 1297 407 est,
1319 363 1421 412 quod
1442 364 1636 405 Plutarch.

209 435 245 473 p.
259 426 349 459 843.
367 424 415 460 D.
428 421 567 459 diserte
587 420 718 466 tradit,
734 421 950 471 Lycurgum
971 423 1220 460 denunciasse
1238 423 1462 460 Leocratem
1484 425 1635 469 ἒειλίας.

259 483 465 528 Cancrum,
507 495 722 532 quanquam
770 482 1027 532 Harpocratio
1066 484 1164 521 hanc
1203 487 1450 533 εἰσαγγελίαν
1495 486 1633 525 factam

204 556 286 581 esse
307 543 367 581 vel
387 543 492 593 apud
505 547 676 581 senatum
696 543 753 580 vel
771 543 876 594 apud
886 544 1073 594 populum
1087 545 1366 591 animadvertit,
1385 552 1508 583 tamen
1531 549 1634 597 prior

203 605 338 643 modus
353 605 611 644 denunciandi
633 606 772 656 saepins
790 607 1017 644 Oratoribus
1037 614 1191 646 notatus
1210 614 1282 658 est,
1299 621 1412 658 quam
1430 611 1631 658 posterior.

202 666 370 716 Legibus
390 668 487 704 enim
511 667 745 717 praescripiis
763 668 905 718 (νόμοις
924 670 1214 717 εἰσαγγελτικοῖς
1231 682 1265 706 ν.
1291 669 1494 707 Demosth.
1515 684 1548 707 c.
1567 671 1630 707 Ti-

198 724 316 765 mocr.
338 741 376 777 p.
397 733 486 768 720.
516 727 613 765 Poll.
640 728 663 764 Ι.
692 728 745 774 c.)
764 735 843 764 erat
869 735 1036 773 cautum,
1066 735 1107 766 ut
1137 736 1290 767 senatus
1316 732 1422 780 prius
1450 731 1631 768 scrutinio

197 787 300 825 facto
332 796 531 838 quaereret,
553 788 837 826 denunciationi
866 789 971 827 locus
1002 790 1061 834 sit,
1084 803 1154 828 nec
1182 804 1241 828 ne.
1299 791 1343 828 Id
1375 792 1405 829 si
1431 790 1629 829 definitum

197 856 277 886 erat
297 863 318 887 a
338 851 522 900 prytanis,
544 850 811 894 denunciatus,
835 863 950 899 quum
982 851 1227 889 mediocriter
1250 851 1457 902 deliquisse
1482 853 1628 890 senatui

196 910 400 956 videretur,
423 912 549 949 statim
578 911 720 948 mulcta
743 910 994 956 afficiebatur,
1025 926 1112 962 quae
1140 914 1270 950 XXV.
1298 913 1511 951 drachmar.
1533 927 1630 951 sum-

195 984 293 1009 Inani
340 986 530 1023 nunquan]
569 972 782 1009 excedebat
819 972 1038 1019 (I)enussth.
1075 987 1108 1011 c.
1142 975 1279 1024 Everg.
1317 981 1355 1011 et
1391 976 1556 1012 blnessb.
1587 988 1626 1025 p.

195 1036 310 1071 1151.
329 1035 407 1082 R.):
430 1034 486 1071 sin
504 1034 655 1084 gravius
668 1039 746 1070 erat
762 1040 977 1082 peccatum,
991 1034 1074 1071 foro
1089 1035 1624 1084 committebaturjudicium.

191 1093 276 1131 Jam
305 1095 559 1132 denunciatus
585 1094 884 1143 comprehensus
916 1101 954 1131 et
986 1095 1023 1132 in
1051 1095 1265 1132 custodiam
1292 1096 1497 1142 deductus,
1527 1097 1626 1134 intra

193 1154 325 1192 XXX.
355 1155 436 1194 dies
469 1156 631 1192 Heliaeae
655 1154 889 1201 tradebatur,
914 1168 1015 1205 quae,
1044 1170 1082 1194 re
1111 1157 1342 1206 disceptata,
1373 1158 1431 1195 vel
1460 1158 1621 1196 absolvit

190 1228 310 1261 reum,
334 1217 393 1254 vel
422 1217 603 1254 mulctam
625 1216 807 1264 majorem
828 1217 1010 1266 imposuit
1036 1218 1280 1265 denunciato,
1302 1219 1361 1256 vel
1389 1220 1514 1269 capite
1535 1233 1621 1258 eum

189 1277 404 1316 damnavit:
435 1279 796 1316 condemnationem
817 1291 906 1315 vero
934 1292 1048 1328 poena
1076 1280 1177 1316 illico
1204 1281 1464 1330 sequebatur.⁴
1518 1281 1620 1319 Hinc

188 1339 436 1389 conspicuum
468 1345 538 1385 est,
566 1345 709 1389 quanto
736 1339 772 1374 in
803 1339 978 1388 periculo
1006 1347 1218 1378 versaretur
1248 1340 1468 1387 Leocrates,
1499 1354 1519 1378 a
1551 1342 1624 1392 Ly-

188 1413 321 1449 curg0‚
340 1400 586 1438 acerbissimo
602 1401 770 1437 omnium
792 1407 1070 1447 accusatorum,
1089 1402 1310 1450 εἰσαγγελίᾳ
1327 1402 1550 1451 exagitatus.
1571 1425 1623 1432 —-

189 1461 232 1498 In
260 1462 333 1499 hoc
355 1475 442 1499 vero
468 1474 605 1511 genere
625 1461 929 1499 denuncunionss
954 1466 1057 1511 (nani
1089 1470 1197 1500 erant
1225 1463 1351 1500 adhuc
1377 1463 1455 1500 duo
1475 1464 1547 1501 aha
1572 1464 1621 1501 ab

188 1522 263 1559 hoc
283 1522 412 1572 paullo
432 1522 608 1570 diversa),
628 1528 748 1567 actor,
769 1529 944 1560 monente
964 1524 1234 1573 Theophrasto
1266 1538 1328 1573 ap.
1355 1524 1502 1563 Polluc.
1525 1525 1549 1563 l.
1571 1539 1621 1572 c.,

188 1582 258 1619 nisi
279 1583 448 1633 quintam
471 1582 732 1631 suffragiorum
754 1583 1050 1629 nancisceretur,
1069 1597 1144 1621 non
1168 1585 1338 1635 quidem,
1359 1592 1398 1621 ut
1416 1586 1454 1621 in
1472 1586 1621 1623 caeteris

188 1645 316 1682 causis
336 1644 513 1695 publicis,
533 1642 696 1680 infamiae
718 1644 790 1680 sibi
819 1651 944 1681 notam
977 1645 1179 1691 contraxit,
1207 1652 1373 1682 attamen
1407 1646 1506 1683 mille
1533 1647 1620 1684 dra-

187 1702 382 1744 (ssuuaruni
417 1706 594 1743 nudetani
629 1704 845 1754 perfflssvere
875 1705 1067 1745 debebat:
1097 1719 1210 1756 quare
1240 1714 1280 1744 et
1308 1708 1620 1752 accusator,hac

187 1781 303 1806 causa
324 1767 479 1817 publica
507 1765 620 1804 semei
642 1766 828 1811 instituta,
851 1765 1032 1811 studiose,
1055 1773 1094 1803 ut
1116 1767 1216 1803 istud
1240 1767 1522 1805 incommodum
1539 1769 1617 1806 evi-

185 1837 295 1876 taret,
314 1829 536 1868 elaboravit.
557 1852 608 1859 —-
628 1827 740 1865 Plura
770 1827 818 1864 de
843 1830 1066 1877 εἰσαγγελίᾳ
1085 1828 1232 1866 dabunt
1255 1830 1414 1868 Salmas.
1434 1830 1482 1867 de
1505 1831 1618 1868 modo

186 1904 288 1929 usur.
309 1904 348 1941 p.
369 1895 458 1929 589.
480 1903 580 1940 sqq.‚
601 1888 790 1926 Heraldus
811 1889 858 1926 ad
879 1890 913 1927 J.
937 1893 1018 1927 Att.
1039 1896 1078 1928 et
1097 1890 1209 1928 Rom.
1231 1904 1268 1941 p.
1289 1895 1394 1938 221„
1416 1894 1529 1930 Auct.
1546 1895 1620 1931 Mi-

186 1954 290 1991 sceil.
311 1952 458 1991 defens.
478 1965 549 2002 pro
568 1951 772 1997 Salmasio,
793 1963 831 2000 p.
851 1953 942 1989 291.
964 1963 1066 2000 sqq.‚
1085 1951 1274 1990 Matthiae
1294 1953 1460 1991 Miscell.
1475 1954 1614 1994 Phiiol.

185 2030 224 2067 p.
244 2018 335 2055 232.
357 2028 451 2065 sqq.

577 2104 588 2122 ⁴
606 2104 763 2134 Demosth.
780 2114 807 2134 c.
822 2103 951 2134 Timocr.
968 2115 998 2144 p.
1013 2106 1088 2135 ¹790.
1105 2104 1214 2135 Reisk.
