1981 3255
637 172 719 213 AD
755 170 862 212 LYC
873 169 1106 211 URGUM.
1528 168 1610 209 359

177 287 449 324 vetustioribus
470 286 688 336 Lycurgum
717 295 798 333 prae
818 281 966 320 caeteris
993 280 1193 331 legendum
1221 287 1260 318 et
1285 281 1530 320 ediscendum
1549 281 1615 319 ad-

178 347 363 386 moneat.⁷

231 408 284 445 Iis
302 407 483 452 moribus,
507 417 603 455 quos
632 405 836 443 memoravi
863 417 981 454 quum
1015 403 1241 454 praecelluit,
1270 402 1500 441 adducimur
1527 417 1615 442 cum

177 469 384 519 nonnullis,
405 474 445 506 ut
464 467 512 505 ad
533 480 619 505 eum
644 467 839 518 praecipue
858 466 1106 517 applicarem,
1126 465 1255 515 potius
1272 477 1387 515 quam
1408 465 1455 502 ad
1476 479 1618 516 cogno-

176 530 315 567 minem
335 529 438 566 illum
466 527 817 574 Lacedaemonium,
845 528 910 579 qui
938 527 1015 565 suis
1044 526 1192 565 civibus
1223 526 1326 576 leges
1352 526 1438 563 tulit
1467 526 1620 564 durissi-

176 603 267 636 maS,
288 590 413 627 omnia
443 590 528 635 ista,
564 603 650 640 quae
677 590 725 628 de
757 590 1014 627 LYCURGEA
1047 597 1341 625 SEVERITATE
1374 599 1396 624 a
1417 587 1620 624 Veteribus

175 651 364 690 memoriae
400 650 625 701 produntur.
693 651 758 689 Uti
791 650 884 688 illud
917 649 1153 688 Ciceronis:⁸³
1194 653 1218 670 “
1241 649 1405 686 Nosmet
1433 647 1523 698 ipsi,
1552 648 1619 698 qui

175 713 364 764 Lycurgei
385 726 407 750 a
436 712 624 763 principio
656 712 872 758 fuissemus,
890 711 1064 762 quotidie
1085 710 1393 760 demitigamur.'’
1449 709 1498 746 Et
1526 708 1620 746 illud

175 787 331 824 quoque
360 774 551 812 Ammiani
585 773 853 812 Marcelliniz⁹
900 779 924 795 “
947 773 1092 811 Verum
1126 771 1204 818 ille,
1246 771 1445 821 judicibus
1478 770 1622 807 Cassiis

175 836 319 874 tristior
345 842 383 873 et
419 835 619 886 Lycurgis,
650 848 848 873 causarum
878 841 1068 872 momenta
1100 846 1213 884 aequo
1239 831 1331 882 jure
1365 831 1621 882 perpendens,

176 910 285 934 suum
313 897 455 946 cuique
477 896 683 942 tribuebat,
704 909 891 947 nusquam
925 910 947 934 a
976 908 1066 934 vero
1100 894 1306 940 abductus,
1335 894 1461 931 acrius
1487 893 1524 930 in
1556 906 1620 930 ca-

174 958 422 996 lumniatores
438 958 686 1008 exsurgens.''
728 959 952 1008 Iterumque
970 959 994 997 :¹
1018 962 1040 978 “
1054 951 1211 996 Judices
1232 969 1425 1006 nunquam
1442 955 1621 993 consulto

175 1020 360 1070 malignos
386 1020 516 1070 elegit,
548 1019 629 1066 sed,
658 1020 688 1057 si
719 1020 833 1058 semel
863 1027 1061 1070 promotos
1093 1032 1205 1069 agere
1238 1018 1371 1056 didicit
1391 1017 1620 1062 immaniter,

176 1080 374 1131 Lycurgos
405 1081 593 1118 invenisse
629 1094 668 1118 se
699 1081 938 1130 praedicabat
970 1087 1008 1118 et
1038 1080 1205 1125 Cassios,
1239 1079 1433 1117 columina
1451 1078 1620 1116 Justitiae

176 1141 342 1190 prisca.'’
399 1144 528 1191 Atque
545 1141 619 1179 hoc
635 1142 812 1191 profecto
834 1142 1050 1187 verisimile,
1071 1154 1156 1178 cum
1175 1141 1309 1179 eadem
1329 1140 1407 1178 fere
1429 1139 1499 1178 fuit
1518 1139 1620 1190 apud

174 1201 366 1239 Romanos
394 1201 516 1239 Cassii
543 1202 750 1240 Praetoris²
778 1203 1009 1240 existimatio
1044 1208 1161 1253 atque
1193 1203 1359 1254 Lycurgi
1389 1202 1493 1252 apud
1529 1214 1620 1239 suos

173 1262 288 1302 cives.
319 1263 390 1301 His
404 1263 569 1301 libenter
588 1264 704 1302 etiam
724 1264 898 1314 adjungo
917 1265 981 1301 illa
1003 1264 1128 1302 Plauti
1146 1265 1172 1304 :⁸

385 1354 406 1368 ‘¹
423 1351 492 1382 Jam
507 1350 635 1387 dudum,
651 1350 831 1385 Pistoclere,
849 1349 959 1379 tacitus
975 1354 1005 1379 te
1023 1359 1147 1388 sequor,

427 1402 587 1441 Spectans,
603 1411 676 1441 quas
694 1405 757 1430 tute
774 1412 824 1430 res
840 1401 897 1430 boc
913 1405 1020 1430 ornatu
1036 1411 1135 1439 geras.

427 1453 519 1489 Nam,
533 1452 576 1482 ita
591 1463 640 1482 me
656 1453 700 1482 Di
716 1457 826 1487 ament,
844 1456 876 1481 ut
893 1452 1081 1482 chuncus
1099 1451 1172 1480 mihi
1187 1451 1309 1490 quidem

427 1502 557 1533 Videtur
572 1514 661 1543 posse
676 1503 727 1533 hic
742 1503 779 1532 ad
796 1503 959 1542 nequitiam
975 1501 1151 1532 adducier.”

227 1578 407 1615 Omnium
443 1578 610 1628 denique
643 1585 900 1630 postremum;
951 1584 1057 1615 tanta
1096 1577 1304 1615 acerbitate
1341 1590 1432 1614 usus
1464 1583 1547 1615 erat
1583 1578 1621 1615 in

167 1638 401 1688 judicando,
423 1647 464 1678 ut
482 1642 517 1677 ei
533 1641 647 1690 juxta
668 1639 897 1677 sententiam
919 1638 1160 1687 quorundam
1175 1651 1388 1689 cognomen
1409 1652 1431 1675 a
1452 1638 1621 1676 moribus

174 1699 395 1738 indueretur
411 1701 499 1750 (qui
529 1714 609 1738 mos
630 1700 792 1738 Athenis
821 1700 1060 1751 percrebuit)
1083 1705 1121 1736 et
1150 1700 1245 1736 IBIS
1274 1699 1621 1750 cognominaretur,

174 1761 279 1811 quod
300 1761 338 1799 in
356 1762 476 1799 malos
494 1762 612 1807 cives,
634 1762 689 1800 uti
708 1761 770 1799 illa
791 1762 828 1798 in
849 1774 994 1811 angues
1014 1767 1052 1798 et
1073 1767 1286 1811 serpentes,
1310 1762 1508 1811 insurgere
1530 1761 1624 1799 sole-

175 1822 253 1860 bat.
324 1821 391 1860 Ait
420 1822 519 1860 enim
558 1822 793 1860 Plutarchus
812 1822 837 1859 :⁴
876 1821 1114 1859 Ἐπεκαλεῖτο
1150 1821 1186 1859 δὲ
1214 1822 1233 1858 ὁ
1271 1820 1490 1873 Λυκοῦργος
1517 1820 1621 1869 ’Ίβις

173 1882 379 1936 Λυκούργῳ
410 1883 615 1936 Ξενοφῶντι
648 1886 825 1934 νυκτερίς.
882 1883 981 1927 Quae
1002 1890 1130 1921 tamen
1157 1884 1209 1920 ita
1237 1883 1431 1921 emendari
1450 1883 1620 1922 debent:

170 1944 408 1982 Ἐπεκαλεῖτο
428 1945 466 1982 δὲ
484 1947 503 1982 ὁ
521 1945 743 1995 Λυκοῦργος
761 1943 878 1991 Ἴβις·

593 2028 663 2063 Ἰβις
678 2028 833 2068 Λυκούξγῳ,
850 2031 1018 2069 Χαιρεφῶντι
1034 2029 1161 2069 νυκτερίς.

228 2106 326 2144 Haec
349 2111 474 2144 tamen
495 2106 543 2144 de
567 2107 744 2157 Lycurgo
764 2112 894 2144 nostro
914 2107 1139 2156 neutiquam
1163 2105 1407 2153 dicebantur,
1428 2119 1553 2156 neque
1570 2106 1619 2144 ad

176 2180 260 2205 eum
287 2168 507 2215 Ἐπίκλησις
539 2168 614 2207 ista
643 2181 665 2206 a
693 2168 898 2206 Veteribus
939 2181 1108 2219 unquam
1139 2169 1421 2219 applicabatur.
1478 2169 1620 2207 Verum

173 2228 247 2265 alia
278 2241 337 2266 res
367 2230 521 2267 omuino
560 2230 758 2280 agebatur.
828 2230 1107 2280 Aristophanes
1142 2229 1179 2267 in
1212 2230 1372 2276 Avibus,
1412 2242 1532 2280 quum
1571 2230 1620 2268 dc

175 2288 417 2340 ὀρνιθομανίᾳ
451 2303 576 2329 sermo
606 2291 827 2339 baberetur,
847 2298 999 2342 arrepta
1028 2292 1098 2329 ista
1119 2291 1338 2338 occasione,
1359 2292 1502 2329 civium
1533 2305 1618 2330 suo·

215 2379 228 2399 ⁷
243 2377 336 2407 Ἀλλὰ
357 2378 403 2407 καὶ
418 2378 561 2419 Λυκούργῳ
576 2378 831 2419 συμβουλέύσαιμ’
847 2380 880 2410 ἂν
914 2380 1001 2410 Idem
1025 2379 1054 2408 in
1077 2380 1166 2409 verr.
1187 2380 1255 2410 ΙΙΙ.
1280 2381 1332 2410 62.
1378 2379 1466 2409 Unde
1489 2385 1564 2414 erat,
1587 2386 1619 2410 nt

175 2419 352 2461 ἐντυγχάνειν
367 2431 400 2450 σε
417 2419 591 2461 ἐλαφροτέρῳ
614 2422 719 2452 τούτων
741 2421 810 2458 ὄντι,
831 2422 879 2452 καὶ
914 2423 980 2461 ejus
996 2422 1125 2451 tribunal
1143 2423 1288 2461 scopulus
1309 2432 1430 2452 reorum
1454 2422 1616 2452 diceretur.

174 2461 438 2503 ἐμφαίνοντιέντοῖς
449 2464 878 2505 λόγοιςὰπλότητατοῦτςόπου.
914 2469 935 2482 “
954 2465 1016 2495 Ubi
1045 2465 1143 2495 literis
1171 2465 1284 2495 certior
1310 2465 1419 2500 factus,
1447 2465 1555 2496 incesti
1584 2476 1617 2495 se

175 2507 238 2536 Dio
259 2507 417 2546 Chrysost.
441 2508 494 2537 Or.
517 2508 648 2538 XVIII.
667 2519 699 2548 p.
725 2509 797 2539 256.
824 2509 879 2538 Ed.
913 2508 1099 2547 postulatum
1123 2508 1204 2547 apud
1226 2508 1262 2537 L.
1278 2508 1419 2538 Cassium
1439 2509 1616 2543 Praetorem,

176 2548 287 2579 Morel.
327 2549 427 2586 Quem
455 2550 557 2580 locum
580 2551 651 2590 lego
678 2551 880 2586 emendatius,
913 2553 1000 2590 cujus
1024 2550 1153 2580 tribunal
1175 2555 1301 2590 propter
1329 2551 1448 2580 nimiam
1471 2551 1616 2580 severita—

176 2601 263 2629 quam
276 2592 389 2622 excudi
403 2592 491 2623 solet.
913 2598 974 2623 tem
989 2594 1136 2632 scopulus
1149 2603 1268 2623 reorum
1287 2592 1477 2623 dicebatur.''
1514 2594 1615 2623 Valet.

218 2633 231 2651 ⁹
245 2633 296 2664 Ad
313 2635 408 2665 Attio.
423 2637 450 2665 1.
464 2638 515 2667 13.
911 2636 1041 2666 Maxim.
1057 2637 1124 2670 111.
1137 2638 1166 2666 9.
1178 2637 1268 2666 Adde
1282 2636 1407 2667 Sallust.
1421 2637 1452 2666 in
1467 2636 1617 2675 Jugurtba

218 2674 232 2693 ⁹
246 2676 365 2707 XXII.
378 2681 408 2709 9.
913 2690 940 2709 c.
957 2681 1009 2709 32.
1052 2679 1117 2708 Cic.
1133 2689 1164 2717 p.
1182 2680 1275 2709 Rosc.
1292 2682 1391 2709 Amer.
1407 2691 1434 2708 c.
1447 2681 1499 2709 30.

220 2719 229 2736 ¹
247 2719 364 2749 XXX.
381 2723 412 2750 8.
956 2719 968 2739 ³
985 2722 1128 2751 Bacchid.
1144 2723 1190 2752 ΙΙ.
1206 2726 1236 2751 1.
1254 2725 1282 2751 1.

222 2761 236 2780 ²
250 2760 272 2781 ‘⁴
284 2761 320 2791 L.
338 2762 462 2792 Cassius
473 2762 599 2792 multum
615 2764 726 2803 potuit,
745 2774 802 2794 non
817 2764 879 2793 elo·
954 2765 967 2782 ⁴
984 2764 1137 2801 Quantum
1154 2765 1184 2793 in
1200 2765 1255 2794 hac
1270 2775 1303 2794 re
1319 2763 1499 2803 explicanda
1514 2773 1529 2791 a
1544 2772 1614 2791 vero

178 2802 311 2839 quentia,
331 2805 385 2833 sed
415 2805 556 2841 dicendo,
579 2811 677 2836 tamen
705 2808 796 2836 bomo
821 2817 878 2836 non
913 2807 1119 2837 aberraverint
1143 2807 1296 2837 Morerius
1314 2809 1343 2836 in
1364 2807 1491 2839 Lexicm
1510 2810 1539 2833 θῐ
1557 2805 1613 2833 ΡΘ·

178 2843 342 2893 biluritate,
367 2851 400 2876 ut
428 2848 490 2882 atii,
520 2848 573 2877 sed
601 2849 667 2888 ipsa
696 2849 822 2881 tristitia
851 2854 881 2878 et
914 2851 988 2879 titus
1011 2850 1041 2879 in
1062 2851 1286 2880 Commentario
1307 2850 1343 2879 ad
1364 2850 1401 2878 L.
1425 2849 1459 2877 1..
1483 2847 1612 2881 Atticas,

179 2890 344 2916 sever-uate
358 2889 548 2928 popularis.''
578 2892 644 2922 Cic.
657 2892 766 2928 Bruto,
783 2895 878 2923 c.25.
914 2893 1076 2923 ostendent
1108 2893 1302 2923 acutissimus
1334 2890 1461 2929 Baylius
1492 2899 1522 2918 v.
1551 2890 1611 2928 Ly-

178 2932 199 2977 f‘
210 2929 278 2978 ¹5⁰¹?
289 2939 391 2969 quaero
401 2931 527 2962 Iudices
537 2934 719 2965 Cassianos:
741 2940 880 2965 veterum
914 2945 1038 2974 curgus,
1051 2940 1082 2965 et
1098 2936 1155 2965 viri
1169 2935 1354 2968 doctissimi,
1370 2933 1421 2971 qui
1440 2941 1536 2971 nuper
1553 2932 1611 2961 Pe-

174 2972 359 3008 Judroiorum
395 2975 587 3006 severitatem
628 2987 687 3007 non
725 2977 880 3016 requiro.”
914 2979 971 3008 tito
986 2978 1191 3009 felicissimum
1208 2987 1331 3016 operam
1348 2975 1568 3014 impenderunt.
