1981 3255
380 233 463 273 520
891 237 1291 280 HAUPTMANNI
1351 236 1357 241 ’

378 352 546 384 mentum
577 346 739 386 Tzetzes
771 350 796 387 l.
817 363 850 388 c.
871 365 908 389 v.
938 356 1025 392 347.
1045 366 1131 403 sqq.
1163 368 1183 392 e
1215 353 1406 392 Plutarchi
1437 352 1512 390 vita
1545 352 1694 391 Solonis
1723 354 1789 392 de-

377 408 583 459 prompsit:
614 409 815 462 (Δημάδης)

665 497 799 534 Μεγάλως
810 496 982 537 εὐδοκίμησεν
997 497 1022 527 ἒν
1033 497 1153 539 xpm-aglo
1166 498 1248 538 λέξας

663 546 773 581 Ἔοικεν,
790 546 877 586 ἄνδξες
891 547 1036 583 δικασταὶ,
1052 550 1186 589 Δςάκωνὸ
1201 551 1367 590 νομογςάφος

665 596 704 626 Οὐ
717 595 831 636 μέλανι,
847 596 880 625 δι’
894 598 1019 637 αἳματος
1032 599 1096 632 τοὺς
1105 599 1201 637 νόμους
1215 599 1242 630 δὲ
1254 600 1391 642 χαςάξαι.

375 669 474 708 Huic
501 670 593 708 duas
622 673 869 720 annectimus,
889 674 989 724 apud
1022 675 1218 713 Stobaeum
1236 673 1427 723 legendas.
1482 673 1651 711 Priorem
1672 673 1786 710 habet

373 743 481 769 serm.
494 731 561 769 IV.
578 732 624 769 de
641 732 903 781 Imprudentia
918 741 1004 772 ante
1020 735 1119 773 med.
1136 748 1174 785 p.
1191 739 1253 772 56.
1273 733 1445 785 Δημάδης
1460 734 1543 776 τοὺς
1560 733 1786 780 Ἀθηναίους

371 792 506 835 ε’ίκαζεν
518 794 658 837 αὐλοῖς,
673 789 724 830 εἶν
735 802 764 832 εἶ
784 810 839 837 τις
858 797 987 847 ἀφέλοι
1006 798 1071 841 τὴν
1091 799 1272 844 γλῶτταν,
1289 795 1327 832 τὸ
1345 795 1495 843 λογικὸν
1507 794 1666 841 (λοιπὸν)
1683 792 1785 831 οὒέέν

371 847 458 889 {eri-1.
475 852 719 901 posteriorem
739 860 866 893 autem
887 869 995 893 serm.
1023 856 1189 893 Lxxu.
1218 856 1376 906 nuptial.
1397 867 1509 905 prbaec.
1532 867 1571 904 p.
1590 858 1682 892 441.
1712 854 1785 900 Δη-

368 910 488 960 μάδης
507 910 598 957 εἷπε,
619 915 684 958 τὴν
705 915 794 952 αἶδὼ
820 921 882 953 τοῦ
902 917 1060 959 κάλλους
1080 918 1275 967 ἀκρόπολιν
1293 914 1398 954 εἶναι.
1456 915 1516 953 Sic
1537 921 1576 952 et
1596 915 1784 952 Lucienus

366 974 405 1012 in
427 977 691 1015 Demosthenis
711 978 869 1018 Eucom.
883 983 913 1027 ξ.
927 983 990 1017 15.
1021 979 1203 1017 Demadis
1218 979 1349 1027 jocum
1370 977 1493 1023 affert,
1510 976 1602 1013 alios
1617 981 1784 1013 oratores

367 1035 413 1072 ad
435 1048 571 1086 aquam
591 1036 732 1083 dicere,
751 1038 1045 1077 Demosthenem
1065 1052 1217 1089 quoque
1237 1039 1401 1076 scribere
1414 1038 1461 1075 ad
1475 1049 1625 1086 aquam.
1681 1035 1784 1072 Prae-

367 1096 522 1134 terimus
540 1097 723 1137 adversus
740 1099 842 1136 illum
863 1100 1039 1150 argutias,
1058 1113 1150 1151 quas
1167 1101 1319 1150 collegit
1332 1100 1489 1137 Tzetzes
1508 1098 1576 1134 Vl.
1600 1099 1782 1136 113-137.

364 1157 475 1194 Talia
494 1158 647 1207 quando
666 1161 965 1209 pronuntiaverit
980 1167 1119 1207 orator,
1136 1174 1210 1199 non
1231 1161 1370 1210 liquet3
1402 1160 1542 1197 certius
1563 1164 1708 1207 tempus
1723 1169 1783 1194 se-

363 1219 557 1267 quentium
578 1220 662 1257 erit.
718 1220 935 1266 Alexandro
955 1235 1042 1259 cum
1062 1222 1158 1260 adeo
1179 1221 1426 1265 blandiretur,
1449 1225 1489 1257 ut
1507 1232 1603 1264 eum,
1626 1218 1782 1256 decreto

361 1278 477 1325 facto,
497 1280 645 1318 tertium
662 1281 852 1319 decimum
874 1282 1030 1320 deorum
1047 1282 1160 1320 scribi
1175 1283 1345 1332 juberet,
1359 1281 1474 1330 idque
1491 1279 1781 1331 reprehenderet

360 1341 542 1390 populus;
574 1341 638 1387 ita,
654 1355 693 1379 se
707 1342 838 1379 tuendi
855 1356 980 1388 causa,
1001 1344 1206 1381 secundum
1223 1342 1452 1380 Demetrium
1470 1341 1495 1378 l.
1512 1354 1545 1378 c.
1562 1338 1775 1390 respondit:

357 1400 475 1439 Τοῦτο
503 1402 542 1439 τὸ
572 1403 741 1453 ψῆφισμα
765 1405 828 1440 οὐκ
846 1403 918 1451 ἐγὼ
946 1403 1108 1453 ἔγραψα,
1127 1405 1212 1440 ἀλλ’
1230 1405 1248 1440 ὁ
1271 1405 1443 1453 πόλεμος,
1475 1405 1522 1452 τῷ
1541 1400 1776 1450 Ἀλεξάνδρου

359 1460 480 1512 δόρατι
496 1462 660 1513 γράφων.
713 1464 827 1501 Tunc
846 1470 897 1510 et,
917 1464 1124 1502 secundum
1147 1465 1269 1501 Valer.
1293 1465 1397 1502 Max.
1415 1463 1456 1501 L.
1479 1463 1569 1500 Vll.
1591 1476 1625 1500 c.
1645 1466 1684 1500 2.
1700 1467 1774 1499 ext.

362 1526 423 1559 10.
450 1527 475 1548 -“
493 1523 616 1561 videte
636 1523 790 1575 (inquit)
811 1538 871 1570 ne,
892 1525 984 1562 dum
1003 1526 1139 1563 coelum
1169 1525 1383 1569 custoditis,
1404 1531 1540 1562 terram
1559 1523 1776 1561 amittatis,’'

359 1583 476 1626 Quod
505 1584 661 1634 quidem
701 1585 856 1622 effatum
889 1586 1027 1622 Paulus
1067 1586 1286 1636 Leopardus
1322 1585 1526 1623 emendatt.
1565 1585 1614 1623 X.
1649 1588 1710 1622 18.
1739 1585 1774 1622 in

361 1644 516 1682 Gruteri
537 1644 628 1682 sacis
656 1644 740 1682 crit.
761 1646 807 1682 T.
829 1646 904 1683 ΙΙΙ.
926 1659 966 1696 p.
988 1650 1078 1684 203.
1107 1646 1155 1683 ab
1177 1646 1321 1683 Erasmi
1341 1658 1465 1683 errore
1485 1645 1669 1692 defendit,
1689 1645 1778 1695 quia

359 1704 550 1742 Demades
571 1705 694 1755 potius
710 1713 790 1743 erat
809 1706 967 1753 amicus,
984 1720 1096 1756 quam
1117 1707 1366 1752 adversarius,
1382 1707 1602 1744 Alexandri.
1631 1706 1778 1743 Eodem
1819 1704 1822 1707 ’

358 1766 458 1804 aliud
478 1774 639 1817 spectat.
696 1767 793 1805 Cum
815 1768 914 1805 enim
936 1769 1154 1819 praecipites
1176 1768 1380 1806 Alexandri
1400 1769 1447 1806 de
1468 1775 1590 1805 morte
1610 1768 1779 1805 laetaren-

358 1834 419 1865 tur
439 1828 712 1866 Allieniensest
751 1828 810 1867 Oi}
830 1828 1002 1875 τέθνηκεν
1021 1829 1272 1879 Ἀλέξανδρος,
1295 1829 1346 1866 ait
1366 1829 1570 1874 Demades,
1591 1827 1617 1866 ὦ
1632 1831 1678 1866 ἄν
1697 1828 1776 1879 ὃρες

355 1887 562 1934 Ἀθηναῖοι,
587 1885 652 1934 ὦζε
678 1893 749 1940 γὰρ
775 1893 796 1935 ἡ
825 1893 1011 1942 οἰκουμένη
1040 1897 1100 1928 τοῦ
1129 1896 1265 1941 νεκροῦ.
1289 1890 1337 1928 de
1359 1891 1615 1928 Macedonum
1645 1897 1776 1928 contra

357 1955 563 1998 potestate:
584 1949 707 1987 ’Έοικε
735 1953 806 2001 γὰρ
826 1953 846 1996 ἡ
868 1951 1096 1997 Μακεδονικὴ
1117 1951 1281 2003 δύναμις,
1309 1953 1561 1989 ἀπολωλεκυῖα
1580 1951 1644 1989 τὸν
1662 1951 1775 1988 Ἀλέ-

356 2010 519 2059 ξαιιδρον,
546 2015 593 2062 τῷ
626 2011 801 2049 Κύκλωπι
832 2014 1099 2064 τετυφλωμένῳ·
1133 2013 1220 2051 licet
1250 2012 1378 2063 potius
1400 2011 1632 2062 Philippum,
1663 2011 1775 2049 oculo

357 2069 475 2107 altero
496 2071 695 2120 privatum,
716 2071 926 2123 Cyclopem
947 2074 1198 2123 appellarent.
1255 2075 1301 2111 Se
1323 2073 1475 2111 tandem
1495 2074 1567 2110 sibi
1587 2073 1775 2112 contraria

356 2142 458 2180 saepe
480 2130 617 2168 dixisse
637 2132 899 2182 profitebatur,
921 2134 1142 2185 reipublicae
1163 2145 1367 2184 nunquam.
1771 2186 1773 2190 Ι

409 2191 517 2227 VIIl.
546 2192 645 2229 Sunt
672 2199 709 2230 et
738 2194 891 2243 scripta,
912 2208 998 2244 quae
1027 2195 1157 2233 Suidae
1188 2194 1405 2245 compilatio
1432 2194 1594 2232 Demadi
1626 2194 1772 2233 tribuit.

356 2252 543 2298 Alterum,
565 2253 675 2302 cujus
708 2255 834 2301 hodie,
860 2264 1043 2306 quantum
1074 2257 1174 2304 novi,
1207 2270 1277 2294 nec
1303 2257 1425 2294 volam
1447 2257 1551 2294 ullibi
1573 2269 1642 2295 nec
1661 2257 1773 2297 vesti—

357 2312 457 2362 gium
480 2312 676 2360 habemus,
697 2315 939 2353 inscribitur:
977 2318 1138 2369 ’Ῑστ-οριά
1161 2320 1241 2368 περὶ
1270 2317 1393 2362 Δήλου
1420 2319 1478 2354 καὶ
1505 2328 1567 2363 τῆς
1595 2320 1773 2367 γενέσεως

361 2378 431 2410 τῶν
450 2379 510 2416 τῆς
530 2373 679 2418 Λητοῦς
699 2375 850 2414 παίδων.
869 2377 1049 2415 alterum:
1079 2379 1334 2427 ιἰπολογισμὸς
1353 2379 1441 2429 πρὸς
1459 2379 1692 2430 Ὀλυμπιάδα
1709 2389 1773 2426 τῆς

357 2433 485 2468 ἑαυτοῦ
518 2433 762 2479 ἵωὲεκαετίας.
819 2437 879 2475 Ad
908 2438 990 2476 haec
1024 2439 1160 2476 Suidas
1194 2439 1327 2486 innuit,
1348 2440 1449 2477 illum
1481 2453 1567 2478 cum
1595 2440 1772 2491 Philippo

356 2495 624 2532 commercium
648 2499 862 2536 exercuisse
883 2499 1087 2546 literarum,
1106 2500 1244 2549 quibus
1265 2501 1402 2539 addere
1422 2501 1639 2551 poterimus,
1659 2515 1773 2550 quam

356 2553 435 2602 ipse
457 2552 619 2591 Demeas
649 2557 746 2602 tulit,
767 2559 981 2608 epistolam.
1039 2560 1263 2598 Examinent
1285 2561 1371 2604 alii;
1401 2574 1487 2598 num
1516 2568 1565 2605 et,
1590 2574 1658 2611 per
1679 2575 1771 2599 con—

349 2611 555 2660 jecturam,
574 2616 753 2664 appellari
777 2626 891 2667 queat
912 2620 1033 2657 oratio
1051 2633 1122 2669 pro
1151 2634 1257 2670 pace,
1284 2634 1395 2671 quam
1418 2621 1602 2671 respicere
1622 2622 1774 2660 videtur

354 2672 511 2711 Tzeizes
535 2673 634 2714 Cllll.
659 2676 725 2712 Vl.
747 2681 811 2714 20.
834 2690 920 2728 sqq.
955 2679 1157 2729 (Δημάδης)

649 2766 774 2796 odeum·
791 2769 927 2807 ἀνάνδςους
942 2769 968 2798 οὐ
984 2770 1212 2810 iculisma-&aime
1227 2769 1424 2810 Δημοσθένης,

646 2815 831 2856 Ἀναρριπίζων
843 2820 975 2858 πόλεμον,
991 2820 1083 2859 εἷρνῖνην
1098 2821 1263 2850 &aaaron

646 2867 741 2899 Δειλός
755 2868 814 2906 εἶμι
830 2870 875 2898 καὶ
891 2868 1008 2909 ἔξεο-τὴς
1021 2869 1191 2900 καθέστηκα.
1207 2870 1311 2910 εἰρήνης.

646 2916 685 2946 Οὐ
698 2915 807 2956 eri-3472)
820 2919 922 2958 μάχης
938 2921 1092 2960 &gannim
1108 2919 1165 2950 οὐδὲ
1177 2920 1308 2959 πολέμων
1321 2921 1439 2963 κρέτους,

649 2964 721 2997 otti*
731 2967 794 3006 πρὸς
810 2969 978 3009 πολυάνδριον
989 2969 1060 3000 Θέλω
1072 2969 1294 3009 φιλοτιμεῖσθαι.

1972 949 1981 1111 “am—4
