1981 3255
300 201 380 242 560
908 203 1113 245 HEYNll

298 312 536 362 adspergere,
571 313 829 362 conjecturam
860 317 915 354 vel
945 318 1310 356 emendatiunculam
1345 320 1379 355 in
1410 318 1534 355 verbis
1568 318 1719 354 allinere

296 385 501 421 possemus.
560 374 793 424 Legebamus
820 377 946 427 itaque
969 379 1098 428 multa,
1120 380 1222 416 nullo
1242 387 1307 416 aut
1328 381 1463 429 exiguo
1484 391 1569 416 cum
1597 377 1719 415 fructu

296 432 344 469 ad
367 433 648 484 philosophicas
668 443 705 473 et
725 437 922 475 historicas
944 440 1132 483 notiones,
1151 447 1214 476 aut
1236 440 1284 477 ad
1305 440 1497 477 scribendi
1518 437 1718 476 dicendive

296 492 514 532 facultatem
536 503 572 534 et
600 510 720 534 usum.
777 498 907 536 Altera
937 512 981 535 ex
1016 506 1123 549 parte
1146 501 1318 550 plerique
1351 508 1516 537 nostrum
1552 498 1719 548 discipli—

295 567 426 592 narum
449 557 695 606 severiorum,
716 558 896 607 imprimis
918 572 1002 608 quoe
1023 560 1069 596 ad
1092 561 1204 598 vitam
1227 562 1373 598 civilem
1404 567 1594 611 spectant,
1616 567 1718 597 tene-

296 615 431 654 bantur
454 625 698 669 contemptu;
729 620 941 668 theologica
959 628 996 657 et
1020 621 1164 670 jurium
1188 622 1313 659 studia
1333 636 1377 659 eo
1398 629 1541 659 tantum
1568 621 1718 658 laudem

295 677 458 727 aliquam
495 679 633 716 habere
664 680 872 724 aiebamus,
894 688 1076 731 quatenus
1109 683 1144 719 in
1177 683 1488 732 interpretatione
1519 689 1557 719 et
1587 682 1719 718 critica

294 737 473 776 librorum
492 752 684 777 sacrorum
718 747 755 777 et
783 741 906 791 legum
928 749 1133 779 versentur.
1190 744 1286 780 Cum
1307 756 1380 779 non
1400 743 1519 779 omnis
1542 741 1721 791 superbia

293 805 333 835 et
354 798 474 848 fastus
501 801 548 837 ab
577 801 638 838 hic
664 801 818 851 judiciis
851 803 1012 848 abesset,
1042 804 1078 841 in
1111 804 1289 845 invidiam
1323 803 1612 842 adducebantur
1640 802 1722 854 ipsa

295 859 379 897 baec
401 861 541 906 studia,
563 868 614 907 et,
644 869 685 899 ut
705 862 761 908 fit,
780 863 830 902 ab
850 863 908 910 iis,
930 864 993 914 qui
1020 864 1084 903 tali
1103 864 1340 915 professione
1371 877 1409 901 se
1432 876 1576 912 suaque
1597 862 1721 901 studia

292 922 529 970 contemptui
551 922 681 962 haberi
700 923 885 971 viderent,
905 925 1123 975 dignatione
1147 939 1211 964 sua
1231 926 1398 965 vicissim
1433 924 1722 975 dejiciebantur.

293 980 430 1031 Itaque
465 984 604 1031 evenit,
639 992 680 1023 ut
711 986 857 1024 Baebio
893 986 1019 1027 multis
1051 999 1138 1025 cum
1172 985 1461 1027 difficultatibus
1499 986 1722 1027 luctandum

292 1050 406 1091 esset,
435 1052 636 1098 antequam
661 1048 973 1099 jurisprudentiae
1005 1048 1166 1088 sorensis
1197 1055 1235 1086 et
1265 1048 1534 1088 ecclesiasticae
1562 1048 1723 1088 idoneus

291 1112 425 1144 auctor
455 1106 682 1157 haberetur3
712 1107 947 1159 multumque
979 1109 1251 1149 elaborandum
1281 1115 1361 1147 erat
1393 1108 1581 1153 Ernestio‚
1616 1115 1657 1147 ut
1685 1107 1722 1147 in

291 1166 517 1219 theologicis
532 1169 741 1219 disciplinis
760 1178 798 1209 et
818 1172 899 1224 ipse
920 1171 1050 1222 aliquo
1070 1172 1106 1209 in
1121 1173 1207 1212 loco
1225 1172 1448 1215 haben-etun
1468 1172 1602 1211 obesse
1623 1172 1721 1212 enim

291 1227 464 1268 solidiori
482 1230 669 1271 doetrinae
689 1231 863 1281 antiquas
882 1232 1038 1278 litteras,
1053 1244 1184 1282 parum
1201 1233 1403 1282 prodesse;
1433 1246 1504 1271 nec
1524 1233 1656 1285 injuria
1671 1234 1723 1275 ita

288 1291 510 1329 statuebant
538 1291 607 1328 viri
633 1304 787 1343 quoque
812 1293 1038 1343 gravissimi,
1060 1293 1125 1343 qui
1156 1293 1366 1334 litterarum
1395 1294 1534 1340 studia,
1565 1308 1652 1344 quae
1684 1296 1721 1334 in

289 1362 414 1389 rerum
440 1351 584 1390 naturis
610 1353 901 1402 cognoscendis,
918 1353 1153 1402 judiciorum
1177 1361 1214 1392 et
1238 1355 1460 1404 opinionum
1484 1355 1639 1394 veritate
1659 1369 1723 1396 ex·-

289 1410 474 1460 ploranda
501 1418 539 1450 et
571 1413 852 1460 constituenda,
879 1414 1118 1464 negotiorum
1149 1414 1375 1454 difficultate
1402 1415 1657 1464 expedienda,
1683 1426 1722 1457 et

291 1471 497 1510 utilitatum
517 1472 605 1512 vitae
625 1474 792 1524 publicae
813 1475 1052 1525 privataeque
1072 1476 1338 1524 procuratione
1354 1476 1493 1514 versari
1513 1477 1722 1523 debebant,

288 1531 338 1570 ad
368 1533 568 1572 verborum
596 1534 739 1586 apices,
766 1535 1000 1574 librariorum
1022 1536 1111 1579 vitia
1136 1536 1352 1586 indaganda
1378 1543 1415 1574 et
1442 1550 1527 1576 cum
1553 1538 1726 1587 speciosa

290 1591 421 1643 aliqua
440 1594 608 1632 sollertia
627 1596 854 1646 corrigenda
874 1598 1045 1637 revocari
1066 1597 1258 1636 videbant.

343 1655 459 1698 Quod
488 1655 525 1694 in
553 1656 636 1695 aliis
665 1670 739 1696 non
767 1657 884 1696 modo
912 1658 1060 1707 litteris,
1079 1658 1145 1696 sed
1172 1658 1308 1697 studiis
1327 1660 1447 1698 omnis
1468 1660 1629 1710 generis,
1650 1661 1729 1710 ple'·

290 1728 428 1767 rosque
443 1729 605 1767 peccare
621 1717 805 1764 videmus,
823 1725 877 1764 ut,
895 1732 972 1770 quo
986 1719 1160 1765 consilio,
1174 1732 1251 1769 quo
1266 1718 1340 1760 fine
1357 1726 1396 1759 et
1419 1733 1501 1767 usu,
1518 1733 1576 1767 ea,
1590 1722 1626 1762 in
1645 1721 1726 1771 qui-

292 1777 362 1815 bus
381 1779 561 1829 occupati
578 1785 678 1824 sunt,
695 1786 872 1825 tractent,
885 1793 1007 1830 eoque
1027 1781 1150 1830 ipsum
1174 1781 1328 1819 modum
1349 1789 1386 1820 et
1406 1782 1590 1823 rationem
1610 1782 1727 1824 studii

292 1839 349 1876 sui
385 1845 529 1890 regant,
557 1845 612 1886 ut,
642 1839 809 1890 inquam,
836 1842 908 1879 hoc
938 1854 1084 1891 parum,
1103 1842 1340 1891 exploratum
1367 1849 1404 1881 et
1438 1842 1628 1892 liquidum
1653 1844 1726 1893 ipsi

292 1898 470 1946 habeant,
487 1900 559 1939 hoc
582 1900 681 1940 idem
703 1902 864 1940 vidimus
887 1903 1053 1941 evenisse
1083 1903 1119 1940 in
1143 1904 1244 1942 omni
1269 1903 1471 1953 disciplina
1497 1903 1726 1945 scholastica

292 1964 331 1997 et
350 1959 582 2008 academica,
602 1968 656 2009 ut,
673 1963 765 2012 quid
786 1963 877 2002 illud
898 1963 958 2009 sit,
980 1964 1084 2013 quod
1104 1965 1253 2013 assequi
1275 1964 1407 2005 volunt
1428 1964 1614 2010 homines,
1634 1965 1726 2006 duni

291 2020 499 2060 sollennem
529 2022 741 2061 studiorum
775 2024 957 2065 rationem
989 2032 1284 2076 prosequuntur,
1315 2037 1399 2063 raro
1432 2032 1499 2064 aut
1530 2038 1726 2076 nunquam

290 2081 535 2132 inquirerent.
607 2085 664 2121 Ita
695 2097 847 2135 quoque
880 2098 900 2122 a
934 2086 1070 2135 paucis
1105 2085 1307 2134 diligenter
1338 2092 1376 2125 et
1409 2085 1601 2124 subtiliter
1635 2087 1725 2127 satis

289 2144 495 2193 quaesitum
514 2151 587 2190 cst,
602 2159 781 2194 quorsum
802 2148 839 2186 in
863 2147 1023 2187 lectione
1042 2147 1271 2197 scriptorum
1292 2148 1550 2197 antiquorum,
1565 2149 1725 2188 Graeco-

289 2218 372 2242 rum
399 2212 437 2244 et
465 2207 700 2254 Latinorum,
721 2208 1008 2257 oetasjuvenilis
1029 2210 1284 2247 contineatur.
1343 2208 1457 2253 Quod
1480 2209 1594 2259 igitur
1613 2211 1723 2251 mira-

291 2266 431 2311 bimur,
448 2266 550 2306 idem
566 2267 659 2306 illud
676 2267 819 2320 fugisse
840 2270 1057 2320 plerosque,
1075 2282 1188 2320 quem
1207 2282 1328 2315 usum,
1347 2283 1443 2319 quos
1464 2269 1557 2310 fines
1573 2271 1725 2311 critices

290 2326 457 2364 studium
484 2328 638 2376 habeat,
658 2329 824 2379 ideoque
854 2343 925 2368 nec
953 2331 1043 2368 satis
1069 2331 1275 2380 prudenter
1301 2330 1507 2376 definiisse,
1529 2332 1595 2381 qui
1614 2332 1722 2371 locus

291 2387 379 2426 huic
394 2388 519 2426 studio
541 2390 578 2428 in
598 2390 835 2430 institutione
855 2392 1084 2432 scholastica
1104 2398 1141 2430 et
1160 2392 1376 2431 academica
1395 2393 1442 2430 sit
1456 2393 1716 2442 assignandus.

343 2448 440 2486 Cum
475 2456 640 2489 veterum
673 2453 902 2502 scriptorum
936 2453 1050 2492 lectio
1083 2460 1120 2490 et
1154 2453 1417 2503 interpretatio
1451 2454 1487 2492 in
1522 2453 1721 2502 disciplina

291 2510 426 2559 puerili
447 2512 582 2560 partim
606 2513 866 2558 institutionis,
888 2528 976 2564 quae
997 2515 1259 2565 grammatices
1279 2523 1317 2555 et
1338 2515 1558 2554 dialectices
1578 2526 1722 2563 praecc-

290 2577 358 2620 pta
382 2577 422 2610 et
447 2584 556 2609 usum
584 2574 771 2613 mentibus
798 2575 976 2621 insinuat,
997 2576 1121 2614 locum
1149 2575 1335 2619 obtineat,
1358 2575 1493 2624 partim
1525 2574 1721 2615 notionum

291 2633 548 2673 communium
581 2634 873 2682 innumerarum,
902 2637 1107 2689 vulgarium
1135 2643 1173 2674 et
1201 2637 1415 2680 doctarum,
1448 2635 1635 2675 mentibus
1669 2637 1721 2674 in-

291 2692 565 2741 stillandarum,
593 2696 744 2743 copiam
775 2698 962 2746 praebeat,
990 2698 1124 2747 partim
1153 2697 1362 2747 ingenium,
1391 2696 1512 2745 pulcri
1545 2697 1719 2747 rectique

291 2767 456 2801 sensum,
480 2755 733 2795 elocutionem
760 2765 798 2794 et
832 2759 1090 2807 scriptionem,
1122 2757 1262 2808 fingat:
1294 2758 1556 2806 magistrorum
1588 2759 1720 2809 ntique

290 2815 423 2854 animis
439 2815 546 2855 notio
565 2816 691 2866 aliqua
705 2817 795 2854 artis
815 2819 959 2857 criticae
983 2826 1022 2858 ut
1042 2819 1215 2864 insideat,
1229 2818 1267 2857 in
1289 2818 1384 2855 votis
1410 2820 1626 2859 habendum
1647 2828 1718 2866 est,

290 2881 332 2914 ut
346 2876 394 2914 de
413 2876 625 2919 editionum
648 2877 831 2924 bonitate,
852 2887 889 2918 et
909 2882 957 2918 de
976 2880 1183 2921 lectionum
1202 2879 1373 2924 veritate,
1396 2880 1442 2920 ad
1466 2881 1720 2931 interpretati-

289 2936 370 2974 onis
387 2949 512 2987 usum,
526 2944 629 2977 recte
644 2939 991 2989 possiutjudicare,
1005 2943 1102 2982 forte
1115 2941 1228 2979 etiam
1244 2942 1549 2990 provectioribus
1566 2943 1719 2983 notitias
