1981 3255
299 186 381 226 358
733 191 1044 235 PRAEFATIO
1078 196 1337 239 TAYLORI

297 308 397 345 virus
422 309 513 347 illud
533 311 638 360 quasi
668 311 887 352 intestinum
913 329 958 353 ex
980 318 1144 356 Graeciae
1175 320 1383 357 visceribus
1413 320 1602 388 expellere
1635 335 1723 372 pos-

295 376 392 415 sent,
412 371 475 421 qui
499 371 637 410 salvam
670 374 959 425 Rempublicam
983 391 1063 416 esse
1093 381 1259 419 voluere.
1317 381 1484 432 Itaque
1475 394 1511 418 in
1537 395 1582 419 ea
1610 395 1725 421 causa

295 435 417 467 totum
436 443 475 468 se
498 431 750 471 Demostheni
779 435 940 481 addixit,
965 450 1090 488 neque
1111 441 1159 477 ab
1193 442 1276 491 ejus
1301 441 1468 479 consiliis
1500 455 1663 493 unquam
1685 457 1724 481 se

294 502 426 540 passus
452 497 510 530 est
538 492 746 538 dimoveri,
776 507 862 533 cum
892 497 965 536 hoc
984 498 1099 536 etiam
1120 500 1344 550 legationem
1365 503 1534 552 suscepit
1561 504 1609 540 ad
1631 517 1723 542 con—

292 550 467 589 citandos
488 553 679 591 sociorum
701 556 859 601 animos,
881 548 968 594 cuni
996 557 1198 609 Philippus
1230 563 1398 600 secunda
1425 563 1505 601 vice
1532 564 1723 602 Graeciam

292 611 393 650 bello
412 619 596 663 quateret.
600 614 613 632 ⁵

343 672 419 710 Sed
440 673 558 711 multo
579 675 705 712 notior
732 682 790 713 est
819 676 1017 727 integritas
1039 679 1141 727 vitae,
1162 688 1200 718 et
1226 681 1359 731 gloria,
1380 696 1495 732 quam
1514 697 1535 721 a
1557 684 1722 723 Civitate

291 733 385 771 bene
414 734 712 773 administranda
751 737 899 787 reperit.
960 738 1076 776 Domi
1114 741 1213 779 enim
1247 742 1384 780 enituit
1417 744 1589 790 maxime,
1618 751 1657 783 et
1686 746 1722 783 in

290 794 420 844 spatiis
442 795 697 845 Reipublicae,
718 791 783 834 ubi
803 797 922 836 multa
943 807 981 837 et
1000 801 1185 850 praeclara
1204 803 1355 841 virtutis
1377 817 1470 849 suae,
1492 812 1530 842 et
1551 807 1722 844 modera-

289 856 416 902 tionis,
437 864 474 895 et
494 859 763 908 popularitatis
783 868 1028 900 monumenta
1044 870 1131 913 post
1150 877 1189 902 se
1207 866 1375 916 reliquit.
1432 867 1487 904 Ea
1511 868 1611 905 enim
1631 881 1723 906 con-

290 919 455 956 tinentiae
480 920 590 958 laude
611 920 752 968 floruit,
775 929 817 960 ut
836 923 1020 966 Quaestor
1038 926 1092 962 rei
1113 927 1287 965 militaris
1307 928 1419 974 ultra,
1441 942 1556 979 quam
1580 930 1723 968 Civita-

284 979 336 1016 tis
368 980 536 1018 moribus
556 983 679 1020 fuerat
699 990 910 1033 receptum,
930 986 1031 1024 solus
1065 986 1127 1024 ille
1157 989 1470 1035 renunciaretur;
1500 996 1606 1028 tanta
1633 1003 1723 1029 vero

288 1041 483 1092 sapientiae
507 1044 800 1091 existimatione,
823 1052 864 1083 ut
891 1052 929 1084 et
960 1048 1077 1086 multa
1109 1051 1278 1088 sanxisse
1298 1049 1507 1097 (liceretur,
1526 1056 1566 1089 et
1585 1064 1605 1089 a
1627 1065 1722 1090 non-

287 1105 396 1143 nullis
411 1107 602 1145 memoriae
628 1113 865 1157 posterorum
887 1108 1102 1147 traderetur
1118 1110 1216 1149 inter
1243 1124 1322 1156 eos,
1342 1112 1408 1162 qui
1433 1111 1580 1162 legibus
1600 1113 1722 1151 Athe-

286 1179 354 1205 nas
371 1166 655 1207 fundaverunt:
686 1175 790 1207 tanta
809 1170 973 1221 denique
994 1172 1195 1210 severitate
1225 1185 1385 1219 morum,
1414 1180 1456 1212 ut
1486 1174 1520 1211 ei
1546 1179 1585 1212 et
1617 1173 1722 1212 urbis

286 1229 462 1267 custodia
488 1235 528 1268 et
558 1229 860 1269 facinorosorum
892 1229 1061 1283 cognitio
1094 1232 1175 1271 fere
1205 1240 1312 1272 extra
1337 1234 1507 1272 ordinem
1538 1235 1720 1273 daretur:

287 1290 386 1328 ande
418 1304 492 1329 vox
515 1291 588 1330 ista
619 1292 759 1343 saepius
792 1292 915 1330 audiri
945 1294 1070 1331 solita.
1126 1296 1358 1346 Lycurgum,
1392 1301 1403 1317 ‘
1425 1301 1605 1345 tanquam
1628 1295 1723 1333 Dra-

284 1362 419 1388 conem
437 1352 608 1399 alterum,
628 1366 702 1391 non
720 1359 945 1399 atramento,
982 1354 1048 1392 sed
1075 1357 1257 1406 sanguine
1284 1357 1386 1407 leges
1417 1369 1504 1394 suas
1536 1362 1573 1394 et
1600 1356 1722 1396 edicta

283 1412 508 1463 scripsisse?

353 1475 411 1511 Ex
440 1487 486 1511 eo
518 1480 646 1512 autem
678 1476 819 1526 rigore,
851 1489 1070 1527 quanquam
1103 1491 1229 1527 neque
1268 1483 1414 1524 cetera,
1435 1478 1536 1516 bona
1573 1479 1720 1517 indoles

281 1534 427 1581 aberat,
457 1548 579 1585 neque
611 1536 736 1574 omnia
765 1537 878 1587 plane
911 1538 1090 1576 virtutum
1114 1551 1265 1588 genera,
1288 1540 1450 1590 Lycurgi
1470 1540 1610 1578 nomini
1631 1548 1718 1591 pro-

281 1596 403 1645 priam
430 1597 618 1647 quandam
655 1604 694 1635 et
726 1598 958 1648 peculiarem
997 1598 1259 1637 celebritatem
1295 1607 1441 1651 partam
1480 1614 1562 1639 esse
1596 1602 1718 1640 video.

281 1657 380 1694 Nam
400 1658 437 1695 in
449 1658 604 1708 optimo
623 1660 759 1710 quovis
785 1672 869 1697 esse
897 1660 1057 1710 aliquid,
1077 1661 1182 1710 quod
1213 1662 1390 1708 emineat,
1410 1663 1624 1714 ceterisque
1653 1676 1717 1702 ex-

280 1717 395 1756 cellat
427 1718 647 1765 virtutibus,
677 1719 714 1757 id
749 1726 787 1757 et
819 1720 983 1771 legendo
1015 1727 1053 1759 et
1084 1722 1320 1772 experiendo
1344 1723 1541 1770 novimus:
1572 1725 1719 1764 scilicet

280 1779 402 1817 inesse
422 1792 573 1831 semper
593 1792 779 1818 summum
800 1781 946 1831 aliquid
979 1787 1017 1819 et
1049 1783 1242 1827 eximium,
1270 1784 1375 1834 quod
1407 1784 1551 1835 impetu
1583 1795 1653 1824 suo·
1681 1791 1719 1825 et

281 1839 536 1889 singularitate
556 1854 631 1878 non
653 1842 772 1879 minus
792 1841 871 1880 fere
891 1855 913 1880 a
932 1842 1071 1881 ceteris
1089 1843 1291 1882 virtutibus
1313 1844 1451 1891 distat,
1473 1859 1584 1896 quam
1603 1847 1717 1885 homo

280 1901 361 1950 ipse
387 1914 407 1938 a
428 1901 568 1939 ceteris
589 1902 761 1951 ejusdem
793 1909 937 1941 naturae
967 1904 1228 1954 distinguitur.
1285 1905 1331 1947 Id
1361 1911 1443 1943 erat
1468 1906 1506 1943 in
1537 1907 1717 1958 Lycurgo

279 1962 496 2000 tristissima
516 1963 693 2013 quaedam
714 1969 752 2001 et
773 1962 1017 2002 inexorabilis
1041 1965 1235 2011 severitas,
1257 1977 1278 2003 a
1302 1979 1380 2016 qua
1397 1979 1542 2005 summa
1561 1981 1717 2018 quoque

279 2035 424 2060 morum
455 2024 653 2073 integritas
685 2025 798 2075 plane
828 2026 962 2064 abesse
993 2039 1068 2064 non
1103 2032 1243 2077 potest.
1308 2027 1450 2078 Hujus,
1482 2041 1596 2079 quam
1628 2029 1718 2077 dixi,

280 2084 455 2132 ἰδιότητος
483 2086 592 2136 plura
623 2092 816 2124 exstarent
847 2093 1106 2134 monumenta,
1137 2093 1194 2125 sat
1227 2089 1321 2134 scio,
1355 2089 1384 2126 si
1418 2090 1528 2139 plura
1555 2089 1719 2129 exstitis-

280 2152 364 2183 sent
382 2146 493 2184 etiam
509 2146 648 2197 ingenii
669 2146 754 2195 ejus
774 2154 812 2185 et
826 2147 1069 2196 eloquentiae.
1118 2148 1218 2187 Nam
1239 2156 1277 2187 et
1291 2149 1498 2188 accusandi
1512 2151 1719 2202 acerbitas,

279 2210 317 2243 et
335 2208 485 2257 egregia
504 2220 649 2245 morum
671 2206 907 2258 simplicitas,
930 2209 1128 2259 singularis
1158 2210 1325 2261 denique
1353 2210 1449 2248 fides
1474 2217 1513 2248 et
1543 2217 1719 2250 constan-

279 2267 354 2303 tia⁶
380 2267 594 2306 incredibili
616 2269 781 2318 quodam
804 2270 918 2306 modo
938 2270 1160 2308 elucescunt
1181 2271 1218 2308 in
1239 2283 1283 2308 ea
1303 2271 1502 2317 Oratione,
1520 2280 1632 2321 quam
1661 2278 1718 2310 so-

280 2327 353 2363 lam
371 2328 482 2366 hodie
502 2329 625 2379 legere
641 2342 864 2367 concessum
880 2337 952 2374 est,
971 2337 1009 2368 et
1023 2331 1058 2367 in
1073 2332 1221 2368 caeteris
1234 2331 1345 2368 etiam
1363 2332 1537 2369 omnibus
1552 2332 1715 2370 eluxisse

279 2388 367 2425 otim
389 2390 572 2428 credibile
592 2395 671 2434 est;
703 2404 788 2428 cum
819 2397 979 2441 propter
1000 2391 1097 2429 hanc
1119 2392 1282 2430 maxime
1302 2392 1478 2430 virtutem
1498 2393 1670 2443 Scriptor
1695 2406 1715 2430 e

322 2509 335 2526 ⁶
352 2509 507 2538 Demosth.
527 2510 604 2539 Phil.
619 2511 682 2540 111.
694 2521 724 2549 p.
739 2513 808 2542 1‘29.
826 2512 845 2541 l.
867 2513 915 2542 19.
931 2512 980 2541 ed.
1015 2521 1116 2541 ronem
1139 2510 1287 2550 intelligo.
1334 2512 1382 2540 Ita
1401 2511 1477 2540 enim
1498 2511 1549 2540 ille
1567 2511 1597 2539 in
1618 2511 1714 2541 Bruto

283 2552 394 2582 Reisk.
1014 2565 1082 2593 cap.
1091 2556 1143 2584 34.
1166 2558 1186 2571 “
1202 2554 1317 2587 Iisdem
1329 2553 1516 2592 temporibus
1529 2554 1573 2583 M.
1585 2555 1714 2593 Brutus5

324 2592 337 2611 ⁶
352 2591 769 2634 Ouroc(sc.12ycurgua)⁶rfflv
790 2595 854 2626 τότε
869 2595 981 2649 ρητόρων
1016 2598 1044 2626 ἰη
1066 2607 1125 2646 quo
1150 2607 1287 2636 magnum
1304 2596 1369 2631 suit,
1387 2596 1493 2632 Brute,
1510 2595 1645 2626 dedecus
1662 2607 1713 2636 ge-

283 2636 422 2676 μέγιστον
440 2635 514 2677 ἔχων
530 2636 577 2675 ἄξι’
569 2648 657 2675 ιωμα,
672 2638 719 2667 καὶ
739 2638 841 2668 δώδεκα.
860 2639 915 2677 μὲν
932 2637 981 2670 ἔτη
1015 2640 1080 2669 neri
1098 2643 1215 2669 vestro·
1239 2638 1290 2677 qui
1308 2648 1374 2668 cum
1389 2642 1472 2667 tanto
1486 2639 1604 2668 nomine
1620 2644 1715 2676 esset,

284 2681 339 2713 τὰς
354 2678 499 2718 προσόδους
514 2681 563 2713 τῆς
579 2680 685 2713 πόλεως
701 2680 864 2715 Μυκη-ις’
855 2692 978 2712 επαινου-
1016 2687 1197 2732 patremque
1214 2681 1358 2721 optimum
1380 2681 1476 2711 virum
1499 2681 1664 2717 habuisset,
1684 2686 1714 2712 et

285 2721 386 2761 μένως,
411 2720 466 2753 &lov
490 2721 513 2750 δ’
531 2719 659 2760 ἔζηκὼς
651 2722 696 2751 εντ’
711 2724 796 2763 ‹ipe-r?
816 2724 982 2764 περιβόητον,
1012 2724 1091 2763 juria
1111 2723 1338 2763 peritissimum,
1355 2723 1574 2752 accusationem
1596 2724 1713 2754 factita-

287 2763 507 2803 πικρότατος
529 2774 561 2792 ην
583 2763 615 2793 ἐν
637 2766 695 2793 τοῖ’
684 2777 711 2797 ς
737 2766 852 2802 λόγοις
873 2767 983 2797 κατ-ἠ·
1020 2767 1108 2800 verit,
1135 2771 1167 2796 ut
1192 2766 1320 2796 Athenis
1343 2767 1511 2805 Lyeurgus.
1559 2767 1591 2796 Is
1618 2767 1713 2806 magi·

286 2816 390 2845 γορος.
435 2807 485 2836 Sic
513 2806 606 2836 Diod.
632 2807 727 2837 Sicut.
756 2808 846 2838 xvi.
876 2819 903 2837 ο
933 2811 984 2839 89.
1018 2814 1131 2838 stratus
1160 2818 1216 2838 non
1246 2808 1365 2846 petivit,
1389 2809 1441 2838 sed
1472 2809 1526 2838 fuit
1557 2814 1715 2839 accusator

290 2851 356 2879 Non
390 2854 487 2879 tamen
517 2849 633 2887 ignoro,
663 2860 679 2878 a
710 2851 858 2880 nonnullis
888 2851 984 2881 minus
1018 2852 1178 2880 vehemens
1193 2855 1222 2879 ot
1234 2851 1395 2886 molestus3
1419 2856 1450 2880 ut
1463 2851 1550 2880 facile
1565 2861 1714 2887 cerneres.

288 2892 410 2930 probari
423 2893 496 2921 banc
512 2892 641 2931 Lycurgi
659 2893 985 2930 severitatemquihus
1019 2893 1150 2923 naturale
1176 2893 1325 2931 quoddam
1353 2894 1458 2931 stirpis
1484 2895 1592 2924 bonum
1622 2894 1712 2933 dogo-

289 2935 318 2963 in
349 2934 556 2963 crudelitatem
589 2934 690 2973 potius
725 2940 755 2964 et
785 2936 983 2965 calumniandi
1018 2936 1169 2966 nemisse
1186 2936 1260 2974 vitio
1276 2937 1447 2974 depravatae
1464 2935 1661 2968 voluntatis.”

289 2977 440 3006 libidinem
468 2977 699 3015 degeneravisse
727 2977 854 3008 videtur.
898 2978 983 3007 (lice-

1935 0 1952 85 ‚aa
