1831 3155
693 155 777 196 AD
813 152 1040 196 ISAEUM.

117 281 152 301 π.
179 275 211 301 ut
231 271 366 301 Meneel.
388 282 418 311 p.
435 273 488 308 49,
508 273 559 302 19.
585 271 635 301 ed.
657 275 752 301 nostr.
769 270 834 310 παρ’

119 314 231 345 Reisk.
246 318 280 345 ut
294 325 326 354 p.
342 317 396 350 46,
410 317 441 345 4.
460 315 602 354 Dicaeog.
619 325 649 354 p.
667 316 720 349 50,
736 314 789 344 35.

163 357 261 399 [281]
285 361 338 393 38,
354 359 407 388 34.
429 357 458 397 [ὅ
473 358 717 399 μεμαρτυρηκὼς]
743 357 834 393 Dele,

119 400 177 430 nisi
194 401 271 440 legis
285 402 319 434 ὡς
332 401 546 441 μεμαρτύςηκε.
564 401 692 441 (Possis
707 399 720 429 ὃ
735 401 783 430 vel
800 398 835 440 ᾧ,

121 448 154 473 ut
175 454 207 483 p.
225 446 277 480 38,
297 443 368 484 37.)
385 445 420 478 ὣς
441 452 512 483 φησι
527 455 558 484 p.
575 447 629 481 39,
645 446 697 474 40.
723 443 786 474 Per
803 454 836 473 se

122 488 235 516 bonum
251 487 264 517 ὅ
278 489 516 528 μεμαρτυρηκὼς,
535 492 567 517 ul.
581 498 612 527 p.
627 490 681 524 42,
697 488 748 517 15.

165 531 220 565 39,
232 532 284 561 13.
303 530 394 566 Dele,
406 530 455 560 vel
471 531 567 566 αὐτὴν,
579 531 628 560 vel
641 532 690 561 τὴν
701 529 834 568 γυναῖκα.

165 575 219 608 39,
236 575 286 604 19.
301 572 409 612 γυναικὶ
422 574 609 613 ambiguum,
621 574 706 604 uxori
720 583 756 603 an
770 582 836 602 mu.-

122 616 198 645 lieri.
223 616 338 646 Melius
357 622 439 646 esset
457 615 582 658 θυγατρί.
628 617 689 647 Sed
709 619 837 656 praestat

120 659 226 688 delere
243 670 362 690 vocem.
386 660 502 690 Sensus
523 664 618 696 certe,
640 660 837 701 illegitimate,

122 701 281 732 base-born.

165 746 218 780 39,
235 747 287 775 27.
303 745 386 783 Quid
403 744 466 782 οὐδ’,
479 746 694 786 ite—quidem?
718 745 837 782 Malim,

121 789 176 816 τῶν
191 798 223 825 γε
237 788 500 829 μεμαρτυρηκότων
516 789 607 825 οὐδενὶ,
619 795 653 819 ut
668 800 700 829 p.
717 791 770 824 39,
787 791 839 819 12.

122 831 267 860 Ceterum
285 836 364 861 errat
379 832 486 863 Reisk.
502 833 693 863 Testimonia
708 832 839 862 recitan-

124 877 173 903 (ur
188 874 381 905 familiarium
400 879 431 905 et
447 875 630 906 vicinorum.

167 918 221 952 39,
238 919 291 948 36.
309 918 405 957 Lege,
419 919 522 949 αὑτῶν.

169 961 223 996 39,
233 962 285 990 38.
296 963 353 990 τῶν
364 961 473 995 τούτοις
484 961 758 1003 μεμαρτυρημένων.
776 961 838 991 τού-

124 1012 192 1037 τοις,
211 1007 294 1033 verte
303 1003 339 1032 ab
349 1003 403 1033 his.
417 1004 470 1033 sed
481 1005 602 1044 quinam
616 1005 665 1035 hi?
689 1006 768 1035 Dele
787 1016 839 1036 vo-

124 1053 202 1073 cem.

169 1121 224 1154 41,
240 1121 269 1149 8.
357 1120 370 1149 ὁ
383 1119 456 1150 δεῖνα
467 1136 521 1141 -
532 1121 683 1152 clitareta

457 1220 521 1256 γυνῆ

463 1262 520 1311 Λ

355 1313 474 1344 Endius
489 1315 501 1344 ὁ
517 1314 615 1345 διώκων

173 1389 227 1423 41,
244 1389 296 1418 21.
321 1387 458 1418 Primum
477 1388 546 1428 lege
562 1389 574 1418 ὅ
589 1389 651 1428 cirine
672 1388 719 1418 καὶ
737 1389 747 1418 ὁ
765 1388 843 1422 Θεῖος.

130 1430 299 1469 Vulgatum
324 1430 431 1471 πατξός
450 1442 466 1461 e
492 1432 649 1470 superiore
672 1442 763 1462 versu
788 1433 843 1462 de-

128 1474 230 1505 fluxit.
277 1474 396 1504 Deinde
413 1476 550 1514 quaedam
565 1475 722 1506 excidisse
738 1476 843 1505 viden-

131 1523 196 1547 tur:
221 1518 268 1547 καὶ
283 1518 296 1548 ἡ
313 1517 408 1558 μήτηρ
421 1517 519 1559 [Φίλην
532 1517 721 1559 ὀνομάζουσιν.
733 1518 845 1558 πότεςον

132 1561 192 1595 ὦςὸ
208 1560 318 1600 πατῆς]
337 1560 384 1589 οὐκ
396 1561 428 1591 ἓιν
439 1561 495 1602 ιη’]δει
508 1579 604 1592 ——.

175 1604 273 1645 [285]
291 1607 343 1639 41,
358 1607 411 1635 24.
429 1604 506 1635 ἕνεκα
521 1606 572 1634 τοῦ
587 1603 670 1644 νόμου
682 1605 798 1644 optime
813 1615 845 1635 se

130 1647 233 1677 habet.
250 1653 395 1686 quantum
410 1650 449 1678 ad
466 1648 555 1689 legem
570 1650 686 1678 attinet.
702 1648 799 1687 usfar
815 1658 846 1678 as

132 1690 179 1720 the
195 1691 252 1720 law
263 1691 286 1719 is
296 1701 357 1730 any
369 1693 507 1730 security.
534 1691 610 1721 Vide
621 1692 721 1731 ipsum
733 1692 845 1722 Reisk.

131 1732 197 1763 ind.
210 1734 372 1763 Demosih.
393 1735 452 1764 Sed
464 1735 611 1774 impedita
625 1740 672 1765 est
687 1734 845 1774 periodus,

130 1776 233 1807 forsan
250 1777 367 1806 luxata.

177 1823 214 1850 41
224 1843 233 1856 ,
250 1820 306 1850 ult.
321 1820 514 1861 δοθησομένων
531 1820 612 1861 [ταῖς
624 1821 811 1862 παλλακαῖς]

177 1866 232 1899 42,
247 1866 277 1893 2.
294 1863 402 1904 πονηρὸς
420 1866 508 1894 Dem.
521 1866 559 1895 de
578 1867 611 1895 F.
629 1864 688 1902 leg.
706 1864 732 1904 ἕ.
750 1868 823 1895 222.

177 1909 231 1943 42,
257 1909 309 1938 23.
333 1907 434 1937 λαθεῖν
453 1908 485 1938 ἂν
501 1909 578 1947 ἡμᾶς
599 1909 750 1946 ineptum,
778 1914 806 1938 et
830 1919 846 1938 e

132 1949 274 1990 proicime
303 1951 441 1989 sequenti
463 1952 523 1981 huc
548 1956 690 1982 tractum.
731 1952 847 1981 Sensus

133 1991 228 2023 λαθεῖν
247 1994 279 2023 ἂν
297 1993 380 2024 ταῦθ’
403 1994 486 2025 αὑτὸν
503 2013 542 2018 —-
559 1995 641 2025 Vide
663 2005 695 2034 p.
717 1996 769 2029 4⁴2,
794 1996 847 2025 38.

132 2038 186 2071 45,
200 2039 232 2067 3.

177 2081 230 2114 42,
245 2080 298 2109 37.
323 2078 366 2117 τῷ
386 2077 553 2119 ζουλομένῳ.
581 2079 660 2110 Vide
685 2080 723 2109 ad
751 2080 847 2110 Arist.

134 2122 219 2152 Plut.
238 2123 311 2152 929.
329 2123 471 2160 Append.
485 2133 516 2161 p.
535 2123 606 2152 110.

179 2166 234 2200 42,
251 2167 303 2194 41.
318 2164 392 2203 ἠξίου
404 2165 439 2199 ὡς
454 2167 599 2204 πςοσῆκον.
620 2164 746 2204 Aliquid
765 2165 847 2194 desi-

135 2208 236 2242 deres,
256 2211 288 2236 ut
301 2208 451 2237 efficiatur
465 2207 641 2238 antithesis:
662 2208 683 2237 εἶ
698 2208 783 2242 αὐτὸς
794 2207 850 2248 μὲν

136 2250 311 2291 (εἰσποίητος
323 2251 372 2290 ὢν)
383 2262 459 2291 τςιτ.
480 2252 539 2281 Sed
551 2251 665 2281 minore
682 2251 849 2287 molimine,

137 2293 222 2334 ἠξίου,
246 2295 288 2333 μὴ
309 2305 399 2335 προσ.
424 2294 467 2324 ciao-
490 2295 589 2324 forsan
613 2299 717 2325 natum
744 2305 760 2324 e
785 2305 848 2324 var.

403 2354 457 2370 ωΠΕ

135 2379 208 2409 lect.
224 2377 334 2417 ἦξίωσε.
347 2377 421 2417 ἦξίου
455 2400 463 2408 .

180 2465 234 2498 43,
259 2465 310 2493 13.
335 2463 416 2493 Ante
438 2460 533 2499 οὖσαν,
555 2465 590 2499 ὡς
610 2463 720 2494 inserit
745 2464 852 2494 Reisk.

137 2507 195 2542 Au,
210 2506 245 2539 ὡς
258 2505 289 2535 ἂν
303 2503 397 2536 οὖσαν.

181 2551 235 2585 43,
251 2551 302 2580 19.
325 2547 445 2585 Malim,
471 2552 538 2584 πῶς
563 2549 605 2580 οὖν
625 2550 657 2580 ἄν
681 2549 851 2589 τις-ἐξε-

138 2591 250 2632 λέγχοι.
285 2592 342 2621 Vel
359 2591 499 2635 ἐξελέγχῃ
521 2594 586 2624 sine
605 2593 648 2624 ἄν.
665 2595 719 2624 sed
736 2595 851 2624 melius

138 2641 222 2665 esset
235 2633 381 2677 ἐξελέγξῃ.

181 2678 277 2719 [287]
289 2681 343 2713 43,
357 2681 410 2709 30.
423 2679 458 2713 ὡς
472 2677 498 2708 δ’
507 2679 562 2721 οὐχ
578 2681 723 2719 ὁμολογῶν
735 2680 850 2715 ardic—

138 2721 229 2763 (and,
242 2732 275 2751 as
290 2721 323 2762 if
334 2727 362 2751 to
376 2721 522 2763 deny‚&c.
539 2723 572 2752 he
589 2722 698 2764 offered
713 2730 741 2754 to
754 2734 850 2763 prose-

137 2769 203 2795 cute
223 2764 272 2794 the
295 2764 437 2804 witness.)
458 2765 531 2795 NB.
553 2765 767 2803 ἐπεσκήπτετο,
790 2778 849 2797 uon

136 2825 180 2831 --
195 2806 286 2845 ψατο.
317 2807 440 2838 Deinde
464 2819 496 2838 v.
520 2810 572 2840 33.
597 2810 802 2849 ineptissime,
824 2811 851 2841 si

138 2851 210 2890 quid
228 2850 378 2891 intelligo,
394 2851 500 2881 delent
523 2852 579 2894 οὐχ
596 2853 701 2883 Reisk.
718 2858 749 2884 et
767 2854 851 2884 Bek-

136 2894 205 2923 ker.
229 2893 366 2925 Primum
389 2894 523 2925 dixisset
545 2894 629 2927 ἐκεῖνό
650 2906 682 2934 γε
706 2897 770 2927 sine
794 2896 854 2928 καί.

134 2936 275 2973 Deinde,
291 2938 364 2976 quid
381 2938 440 2968 hoc
456 2939 648 2977 argumenti?
671 2940 853 2970 “Fateniur

135 2981 204 3019 jure
221 2980 400 3019 possedisse
415 2981 548 3012 Endium
563 2993 572 3020 ς
596 2993 664 3013 nam
677 2994 736 3013 non
747 2984 853 3019 Endii,

1525 154 1583 195 vii

912 273 966 306 40,
982 272 1014 300 8.
1030 266 1128 309 Lege,
1144 267 1195 311 ἐξῇ
1207 273 1238 300 et
1252 269 1419 301 πιστεύητε.

913 313 1021 347 40,15.
1035 311 1168 347 σταδίους
1178 312 1255 347 εὐθὺς
1268 315 1342 344 300.
1354 313 1478 349 Annon,
1489 314 1585 353 ἐγγύςῗ

914 357 1011 397 [283]
1029 360 1082 393 40,
1102 359 1151 386 18.
1171 356 1248 396 [τᾶν]
1261 356 1362 398 Ἐςχιὲἰ
1374 376 1415 380 -
1429 356 1587 395 Αἰθαλίδην,

870 396 907 432 οἷς
922 398 976 429 οὐδ’
990 400 1022 429 ἂν
1034 399 1094 441 περὶ
1108 399 1214 430 ὁτουοῦν
1226 400 1393 430 πιστεύσειν
1408 401 1477 430 ἀλλ’
1493 402 1585 436 οὐδείς.

869 444 952 481 μετὰ
969 460 1012 466 -
1027 444 1084 473 Vel
1100 443 1200 472 forsan
1220 448 1252 472 ut
1268 444 1356 473 locus
1368 444 1405 473 sit
1420 455 1479 473 non
1495 445 1584 474 luxa—

871 489 934 522 tus,
948 487 1000 515 sed
1019 486 1159 516 mutilus:
1185 485 1271 525 φασὶν
1287 484 1370 517 οὗτοι.
1395 486 1480 527 [ἀλλ’
1492 487 1540 516 οὐκ
1555 487 1588 518 ἃν

871 528 1071 571 διεπξίιξαντο]
1087 530 1205 559 τοιαῦτα
1217 531 1300 569 μετὰ
1315 530 1431 566 τούτων,
1449 530 1486 564 οῖς
1501 549 1587 554 ———

872 573 1017 602 ceterum
1040 573 1079 602 de
1102 573 1291 610 pleonasmo,
1319 572 1389 602 ἀλλ’
1404 574 1499 610 οὐδεὶς,
1518 575 1589 604 vide

872 615 1015 656 Append.
1035 616 1072 646 ad
1096 615 1227 646 Porsoni
1247 615 1406 656 Aristoph.
1425 627 1455 656 p.
1470 620 1544 648 12⁶2.
1560 622 1590 647 et

872 657 914 688 ibi
928 669 1024 697 marg.

916 705 971 737 40,
987 705 1039 732 28.
1057 701 1153 742 Lege,
1169 701 1276 732 οὑτοσὶ.

917 748 970 781 40,
987 747 1038 777 35.
1057 745 1174 781 Malim,
1191 745 1282 783 λέγειν
1296 745 1310 776 ἢ
1332 746 1482 785 πράττειν.
1497 747 1590 786 Vulg.

875 788 958 819 nasci
977 788 1078 829 potuit
1094 799 1110 818 e
1129 789 1252 819 vicinis.

918 834 973 868 40,
987 833 1039 863 38.
1055 830 1134 872 ἕξειν.
1149 832 1227 862 Vide
1243 843 1276 871 p.
1292 834 1346 868 41,
1362 835 1417 863 38.

919 878 974 911 41,
991 877 1021 905 3.
1038 873 1073 905 ἓν.
1094 875 1174 904 Vide
1192 886 1222 914 p.
1239 878 1294 910 41,
1308 877 1341 905 7.
1358 878 1411 906 20.
1426 877 1480 911 45,
1494 880 1524 906 ¹7.

919 921 972 953 41,
983 921 1015 948 7.
1033 918 1154 955 Malim,
1169 916 1366 960 ἐπεγράψατο,
1382 924 1456 959 utp.
1471 922 1524 955 41,
1541 922 1590 951 13.

874 961 989 991 Contra
1005 962 1114 992 Reisk.

920 1007 973 1039 41,
998 1006 1052 1034 15.
1074 1004 1285 1035 καταστήσειεν
1308 1004 1407 1046 [εῖναι]
1435 1006 1496 1036 Sed
1520 1005 1592 1036 vide

876 1057 908 1085 p.
926 1051 978 1082 41,
996 1050 1026 1077 4.
1042 1049 1095 1083 45,
1111 1051 1163 1078 22¹.
1181 1053 1211 1078 et
1228 1048 1336 1078 Reisk.

1073 1121 1085 1149 ὀ
1099 1121 1172 1151 δεῖνα

863 1217 1087 1257 Pyrrhus—{1
1103 1216 1177 1248 δεῖνα
1265 1196 1456 1249 Nicodemus

981 1313 1290 1344 Phila-Xenocles,

879 1388 933 1418 sed
960 1387 1073 1427 prioris
1100 1388 1216 1418 domini
1239 1389 1365 1428 Pyrrhi,
1394 1391 1593 1424 hereditatem

879 1431 1024 1461 adeunt.''
1049 1431 1230 1471 ὑωεξβάντες
1249 1443 1308 1462 nou
1334 1439 1393 1469 est,
1417 1436 1480 1465 viro
1498 1435 1594 1467 Endio

879 1476 1064 1515 quiescentes,
1086 1480 1121 1504 ut
1138 1476 1203 1505 vult
1223 1474 1336 1506 Reisk.
1353 1477 1401 1506 hic
1419 1483 1449 1507 et
1465 1479 1495 1508 in
1518 1486 1595 1510 orat.

879 1517 1047 1557 principio,
1065 1518 1132 1554 sed,
1149 1529 1239 1558 quum
1251 1525 1379 1557 peterent
1396 1520 1597 1559 hereditatem,

876 1566 1004 1600 petentes
1027 1567 1168 1601 tanquam
1191 1561 1316 1602 Pyrrhi,
1338 1565 1426 1603 quasi
1446 1576 1597 1606 nunquam

877 1605 1041 1643 possedisset
1066 1604 1196 1635 Enclins.
1243 1606 1306 1635 Hie
1329 1612 1376 1636 est
1399 1607 1458 1638 loci
1481 1620 1596 1648 scopus

881 1648 1069 1684 manifestus,
1097 1648 1155 1678 elsi
1176 1659 1240 1678 rem
1265 1660 1322 1679 non
1351 1656 1440 1681 exim
1467 1653 1595 1683 dubium

881 1697 1011 1730 poneret
1031 1692 1113 1721 istud
1136 1690 1322 1732 παρελθόντες
1338 1698 1396 1724 etc.
1417 1706 1447 1734 p.
1472 1698 1526 1734 44,
1541 1699 1594 1727 34.

882 1736 1042 1765 Hactenus
1066 1735 1165 1765 omnia
1196 1736 1264 1765 luce
1290 1737 1430 1773 clariora,
1456 1740 1511 1769 sed
1538 1752 1596 1771 non

883 1778 1057 1817 negaverim
1075 1779 1213 1817 quaedam
1228 1780 1338 1809 deesse
1354 1787 1425 1819 post
1437 1784 1596 1814 τελευτήση

882 1821 1077 1862 ὁκληςονόμος
1092 1833 1120 1851 v.
1135 1824 1188 1853 38.
1210 1823 1242 1852 Si
1263 1821 1372 1853 falcem
1394 1829 1517 1856 strenue
1541 1818 1597 1857 irn'-

883 1864 995 1899 mittas,
1010 1865 1110 1894 omnia
1123 1876 1305 1904 perpurges,
1315 1867 1392 1897 δῆλον
1405 1869 1439 1902 ὡς
1448 1869 1601 1908 ὁμολογοῖ-

883 1919 927 1937 σιν
947 1907 1084 1946 γενέσθαι·
1109 1909 1120 1938 ὁ
1146 1908 1201 1947 μὲν
1227 1911 1281 1948 γε>.ς’>
1310 1910 1408 1950 Πύῤῥος
1422 1929 1476 1942 ——.
1515 1915 1597 1943 Vide

883 1952 972 1981 eliam
986 1962 1020 1980 an
1035 1952 1098 1981 del.
1111 1962 1182 1981 mox
1199 1951 1310 1981 ἐπειδὰν
1321 1960 1383 1982 τελ,
1399 1955 1596 1996 ὁκληρονόμος,

884 1999 914 2024 et
929 1995 941 2023 ὅ
957 1994 1126 2028 εἰσποίητος.
1152 1995 1212 2023 Sed
1232 1995 1261 2023 in
1286 1997 1342 2025 hac
1361 1998 1498 2028 oratione
1515 2000 1597 2030 nitor

884 2046 942 2065 non
959 2037 1048 2065 nimis
1065 2037 1261 2076 quaerendus.

928 2079 1025 2120 [⁰289]
1042 2082 1096 2115 44,
1114 2081 1145 2110 5.
1162 2080 1257 2119 Lege,
1269 2080 1326 2111 δ’σοι
1340 2082 1396 2120 μὲν
1411 2083 1443 2113 ἂν
1455 2092 1563 2116 καταλ.

926 2125 979 2157 44,
993 2124 1023 2151 7.
1047 2121 1104 2152 ὅσοι
1129 2122 1156 2152 δὲ
1180 2123 1204 2152 δ.
1226 2124 1322 2158 αὐτοῖς
1343 2125 1533 2158 stamma-raa
1555 2147 1597 2153 —

886 2165 932 2195 vel
952 2165 1052 2194 forsan
1073 2165 1185 2201 αὐτοὺς,
1199 2170 1233 2196 ut
1249 2166 1306 2197 ὅσοι
1323 2168 1361 2197 sit
1374 2181 1418 2200 =
1432 2169 1500 2201 ὅταν
1513 2172 1597 2209 τινὲς,

884 2214 915 2238 ut
931 2208 1044 2247 passim
1061 2207 1152 2242 Ε’στις.
1172 2209 1314 2239 Matthia)
1330 2211 1357 2250 ς.
1374 2215 1449 2243 481.
1466 2216 1532 2245 obs.
1551 2220 1580 2246 2.

928 2254 981 2286 44,
999 2254 1050 2281 10.
1070 2252 1123 2281 Nil
1141 2252 1227 2282 videt
1247 2254 1357 2284 Reisk.
1370 2265 1402 2294 p.
1418 2259 1492 2288 396.
1520 2260 1596 2289 Sen-

885 2305 950 2330 sus,
967 2305 1015 2330 ne,
1035 2305 1126 2334 quum
1141 2308 1158 2325 a
1175 2298 1272 2335 quovis
1281 2296 1373 2338 facta
1394 2306 1462 2330 essct
1478 2302 1492 2331 ἦ
1509 2302 1598 2341 λῆξις,

886 2338 982 2367 liceret
1005 2338 1047 2376 τῷ
1062 2338 1222 2379 Βουλομὲνῳ
1247 2341 1335 2370 istam
1360 2344 1461 2381 injus
1483 2354 1596 2382 vocare,

886 2386 913 2410 et
924 2381 959 2410 ab
972 2381 1023 2410 illo
1040 2383 1070 2411 in
1085 2392 1111 2410 se
1122 2382 1283 2424 transferre
1293 2384 1491 2417 hereditatem.
1506 2390 1596 2428 Angl.

887 2429 915 2453 to
937 2431 1056 2462 prevent
1071 2436 1089 2453 a
1105 2436 1175 2455 man
1196 2425 1332 2466 qfstraw
1348 2427 1434 2468 from
1456 2431 1599 2474 claiming

888 2466 934 2496 the
948 2471 1048 2504 estate,
1063 2469 1094 2497 in
1116 2470 1201 2499 order
1223 2469 1289 2499 that
1310 2471 1354 2500 his
1369 2473 1510 2503 sabai-ner
1529 2486 1597 2509 mau

884 2520 999 2548 provea
1015 2511 1104 2541 better
1119 2511 1213 2550 right.
1242 2513 1374 2553 Nempe,
1391 2526 1482 2555 quum
1505 2510 1596 2549 seme]

886 2554 966 2583 sacta
993 2560 1075 2584 esset
1096 2554 1273 2592 ἐπιδικασία,
1299 2567 1356 2587 non
1379 2559 1492 2589 licebat
1513 2562 1597 2592 litem

885 2597 1075 2636 possessioni
1103 2598 1273 2635 intendere,
1305 2602 1518 2641 ἀμφισβητεῖν,
1539 2605 1600 2635 nisi

884 2639 928 2679 τῷ
939 2641 1230 2681 παρακαταβάλλειν.
1264 2643 1344 2674 Vide
1368 2646 1457 2676 Dein.
1477 2646 1601 2678 Macar-

885 2687 941 2713 tat.
964 2684 990 2723 §.
1017 2687 1068 2714 18.
1105 2685 1238 2715 Omnino
1262 2686 1334 2716 vide
1356 2688 1527 2720 Nicostrat.
1589 2715 1595 2722 .

885 2727 1070 2758 Philoctem.
1083 2739 1115 2768 p.
1133 2731 1188 2764 56,
1202 2731 1253 2759 24.
1267 2729 1476 2770 ἀμφισέητεῖν,
1492 2735 1598 2772 Hagn.

884 2780 916 2808 p.
933 2773 985 2807 83,
1003 2773 1054 2801 26.
1079 2773 1133 2808 84,
1153 2773 1183 2802 5.
1203 2774 1255 2803 17.
1281 2777 1332 2805 21.
1356 2777 1407 2805 23.
1426 2778 1479 2811 85,
1496 2778 1527 2806 7.
1545 2780 1596 2808 28.

885 2816 938 2845 31.
955 2817 1007 2845 42.
1026 2817 1078 2847 45.
1094 2817 1145 2850 86,
1164 2819 1194 2847 2.
1210 2818 1261 2847 13.
1279 2819 1331 2847 26.
1348 2820 1401 2848 31.
1418 2821 1470 2853 87,
1490 2822 1540 2850 18.

928 2860 982 2893 44,
999 2860 1050 2888 16.
1066 2857 1105 2892 εἶς·
1120 2857 1166 2888 τὸν
1180 2858 1251 2900 ἅςχ.
1267 2860 1348 2890 Vide
1365 2871 1396 2899 p.
1414 2863 1467 2897 45,
1481 2864 1535 2893 43.

929 2903 982 2937 44,
998 2903 1052 2932 36.
1069 2902 1165 2940 Lege,
1183 2903 1229 2932 vel
1246 2902 1272 2932 εἶ’
1284 2915 1330 2937 τις
1343 2906 1398 2933 τῶν
1412 2904 1497 2934 αὑτοῦ
1511 2905 1533 2936 ἐ.
1550 2908 1597 2937 vel

887 2942 913 2972 εἴ
925 2954 973 2978 τις
987 2945 1022 2974 ὢν
1037 2944 1144 2983 γνήσιος
1159 2947 1215 2975 τῶν
1225 2946 1311 2977 αὑτοῦ
1327 2946 1351 2976 ἒ.

931 2989 1042 3023 45,17.
1060 2987 1122 3023 An,
1139 2987 1282 3024 οὔτ’ἕστι,
1299 2990 1342 3030 μὴ
1357 2989 1505 3030 γενομένων
1517 3003 1599 3030 72-—
