<?xml version="1.0" encoding="UTF-8"?>
<!DOCTYPE html PUBLIC "-//W3C//DTD XHTML 1.0 Transitional//EN"
    "http://www.w3.org/TR/xhtml1/DTD/xhtml1-transitional.dtd">
<html xmlns="http://www.w3.org/1999/xhtml" xml:lang="en" lang="en">
 <head>
  <title>
</title>
<meta http-equiv="Content-Type" content="text/html;charset=utf-8" />
  <meta name='ocr-system' content='tesseract 3.04.00' />
  <meta name='ocr-capabilities' content='ocr_page ocr_carea ocr_par ocr_line ocrx_word'/>
</head>
<body>
  <div class='ocr_page' id='page_1' title='image "./oratoresatticie04dobs/oratoresatticie04dobs_0301.png"; bbox 0 0 1981 3255; ppageno 0'>
   <div class='ocr_carea' id='block_1_1' title="bbox 713 122 1672 179">
    <p class='ocr_par' dir='ltr' id='par_1_1' title="bbox 713 122 1672 179">
     <span class='ocr_line' id='line_1_1' title="bbox 713 122 1672 179; baseline 0.003 -3"><span class='ocrx_word' id='word_1_1' title='bbox 713 132 1176 176; x_wconf 80' lang='grc' dir='ltr'>ΔΕΙΝΑΡΧΟΣ.</span> <span class='ocrx_word' id='word_1_2' title='bbox 1569 122 1672 179; x_wconf 74' lang='lat'>267</span> 
     </span>
    </p>
   </div>
   <div class='ocr_carea' id='block_1_2' title="bbox 212 241 1683 934">
    <p class='ocr_par' dir='ltr' id='par_1_2' title="bbox 212 241 1683 934">
     <span class='ocr_line' id='line_1_2' title="bbox 220 241 1680 305; baseline -0.004 -14"><span class='ocrx_word' id='word_1_3' title='bbox 220 249 435 305; x_wconf 80' lang='grc' dir='ltr'>χάριστος.</span> <span class='ocrx_word' id='word_1_4' title='bbox 465 244 562 302; x_wconf 79' lang='grc' dir='ltr'>(δ’.)</span> <span class='ocrx_word' id='word_1_5' title='bbox 583 241 886 301; x_wconf 70' lang='grc' dir='ltr'>Κηφισόδοτος.</span> <span class='ocrx_word' id='word_1_6' title='bbox 917 243 1007 300; x_wconf 81' lang='grc' dir='ltr'>(ε’.)</span> <span class='ocrx_word' id='word_1_7' title='bbox 1024 243 1307 300; x_wconf 65' lang='grc' dir='ltr'>Ἀγαθοκλῆς.</span> <span class='ocrx_word' id='word_1_8' title='bbox 1338 244 1437 299; x_wconf 71' lang='grc' dir='ltr'>(ς’.)</span> <span class='ocrx_word' id='word_1_9' title='bbox 1460 243 1680 293; x_wconf 81' lang='grc' dir='ltr'>Ἐλπίνης.</span> 
     </span>
     <span class='ocr_line' id='line_1_3' title="bbox 217 300 1680 360; baseline -0.003 -13"><span class='ocrx_word' id='word_1_10' title='bbox 217 305 315 360; x_wconf 74' lang='grc' dir='ltr'>(ζ’.)</span> <span class='ocrx_word' id='word_1_11' title='bbox 337 303 667 359; x_wconf 84' lang='grc' dir='ltr'>Καλλίστρατος.</span> <span class='ocrx_word' id='word_1_12' title='bbox 712 301 809 357; x_wconf 82' lang='grc' dir='ltr'>(η’.)</span> <span class='ocrx_word' id='word_1_13' title='bbox 838 303 1051 356; x_wconf 85' lang='grc' dir='ltr'>Διότιμος.</span> <span class='ocrx_word' id='word_1_14' title='bbox 1097 301 1196 356; x_wconf 81' lang='grc' dir='ltr'>(θ’.)</span> <span class='ocrx_word' id='word_1_15' title='bbox 1222 300 1428 355; x_wconf 69' lang='grc' dir='ltr'>Εὔδημος.</span> <span class='ocrx_word' id='word_1_16' title='bbox 1464 302 1546 357; x_wconf 78' lang='grc' dir='ltr'>(ι’.)</span> <span class='ocrx_word' id='word_1_17' title='bbox 1568 303 1680 357; x_wconf 81' lang='grc' dir='ltr'>Ἀρι-</span> 
     </span>
     <span class='ocr_line' id='line_1_4' title="bbox 219 357 1681 415; baseline -0.002 -11"><span class='ocrx_word' id='word_1_18' title='bbox 219 363 293 404; x_wconf 88' lang='grc' dir='ltr'>στό</span> <span class='ocrx_word' id='word_1_19' title='bbox 305 361 437 415; x_wconf 50' lang='grc' dir='ltr'>“ημος.</span> <span class='ocrx_word' id='word_1_20' title='bbox 471 360 581 415; x_wconf 79' lang='grc' dir='ltr'>(ια’.)</span> <span class='ocrx_word' id='word_1_21' title='bbox 603 359 835 409; x_wconf 77' lang='grc' dir='ltr'>Θεσσαλός.</span> <span class='ocrx_word' id='word_1_22' title='bbox 867 358 986 415; x_wconf 76' lang='grc' dir='ltr'>(ιβ’.)</span> <span class='ocrx_word' id='word_1_23' title='bbox 1007 358 1354 415; x_wconf 71' lang='grc' dir='ltr'>Ἀπολλόδωρος.</span> <span class='ocrx_word' id='word_1_24' title='bbox 1386 357 1500 414; x_wconf 83' lang='grc' dir='ltr'>(ιγ’.)</span> <span class='ocrx_word' id='word_1_25' title='bbox 1520 359 1681 401; x_wconf 85' lang='grc' dir='ltr'>Καλλί-</span> 
     </span>
     <span class='ocr_line' id='line_1_5' title="bbox 215 415 1679 474; baseline -0.003 -14"><span class='ocrx_word' id='word_1_26' title='bbox 215 437 368 474; x_wconf 87' lang='grc' dir='ltr'>μαχος.</span> <span class='ocrx_word' id='word_1_27' title='bbox 411 416 518 473; x_wconf 70' lang='grc' dir='ltr'>(ιδ’.)</span> <span class='ocrx_word' id='word_1_28' title='bbox 546 419 798 472; x_wconf 81' lang='grc' dir='ltr'>Θεόμνητος.</span> <span class='ocrx_word' id='word_1_29' title='bbox 845 416 949 472; x_wconf 79' lang='grc' dir='ltr'>(ιε’.)</span> <span class='ocrx_word' id='word_1_30' title='bbox 979 417 1274 472; x_wconf 83' lang='grc' dir='ltr'>Θεμιστοκλῆς.</span> <span class='ocrx_word' id='word_1_31' title='bbox 1322 415 1435 471; x_wconf 69' lang='grc' dir='ltr'>(ις’.)</span> <span class='ocrx_word' id='word_1_32' title='bbox 1463 415 1679 472; x_wconf 73' lang='grc' dir='ltr'>Ἀρχίδας.</span> 
     </span>
     <span class='ocr_line' id='line_1_6' title="bbox 214 472 1682 531; baseline -0.001 -15"><span class='ocrx_word' id='word_1_33' title='bbox 214 474 325 530; x_wconf 72' lang='grc' dir='ltr'>(ιζ’.)</span> <span class='ocrx_word' id='word_1_34' title='bbox 349 474 560 531; x_wconf 72' lang='grc' dir='ltr'>Εὔδωρος.</span> <span class='ocrx_word' id='word_1_35' title='bbox 603 474 713 529; x_wconf 79' lang='grc' dir='ltr'>(ιη’.)</span> <span class='ocrx_word' id='word_1_36' title='bbox 734 477 952 524; x_wconf 82' lang='grc' dir='ltr'>Λυκίσκος.</span> <span class='ocrx_word' id='word_1_37' title='bbox 998 473 1109 529; x_wconf 81' lang='grc' dir='ltr'>(ιθ.’)</span> <span class='ocrx_word' id='word_1_38' title='bbox 1132 473 1394 522; x_wconf 60' lang='grc' dir='ltr'>Πυθόδοτος.</span> <span class='ocrx_word' id='word_1_39' title='bbox 1435 472 1530 528; x_wconf 81' lang='grc' dir='ltr'>(κ’.)</span> <span class='ocrx_word' id='word_1_40' title='bbox 1553 479 1682 515; x_wconf 83' lang='grc' dir='ltr'>Σωσι-</span> 
     </span>
     <span class='ocr_line' id='line_1_7' title="bbox 214 529 1681 589; baseline -0.003 -14"><span class='ocrx_word' id='word_1_41' title='bbox 214 535 353 587; x_wconf 79' lang='grc' dir='ltr'>γένης.</span> <span class='ocrx_word' id='word_1_42' title='bbox 393 533 512 587; x_wconf 84' lang='grc' dir='ltr'>(κα’.)</span> <span class='ocrx_word' id='word_1_43' title='bbox 536 534 790 588; x_wconf 81' lang='grc' dir='ltr'>Νικόμαχος.</span> <span class='ocrx_word' id='word_1_44' title='bbox 832 532 963 589; x_wconf 74' lang='grc' dir='ltr'>(κβ’.)</span> <span class='ocrx_word' id='word_1_45' title='bbox 986 534 1266 588; x_wconf 77' lang='grc' dir='ltr'>Θεόφραστος.</span> <span class='ocrx_word' id='word_1_46' title='bbox 1308 529 1434 586; x_wconf 81' lang='grc' dir='ltr'>(κγ’.)</span> <span class='ocrx_word' id='word_1_47' title='bbox 1455 533 1681 586; x_wconf 76' lang='grc' dir='ltr'>Λυσιμαχί-</span> 
     </span>
     <span class='ocr_line' id='line_1_8' title="bbox 214 586 1682 646; baseline -0.001 -14"><span class='ocrx_word' id='word_1_48' title='bbox 214 589 304 639; x_wconf 67' lang='grc' dir='ltr'>δης.</span> <span class='ocrx_word' id='word_1_49' title='bbox 335 589 457 645; x_wconf 75' lang='grc' dir='ltr'>(κδ’.)</span> <span class='ocrx_word' id='word_1_50' title='bbox 479 589 753 646; x_wconf 75' lang='grc' dir='ltr'>Χαιρωνίδας.</span> <span class='ocrx_word' id='word_1_51' title='bbox 786 589 903 645; x_wconf 83' lang='grc' dir='ltr'>(κε’.)</span> <span class='ocrx_word' id='word_1_52' title='bbox 929 592 1156 646; x_wconf 80' lang='grc' dir='ltr'>Φρύνιχος.</span> <span class='ocrx_word' id='word_1_53' title='bbox 1188 588 1305 644; x_wconf 75' lang='grc' dir='ltr'>(κς’.)</span> <span class='ocrx_word' id='word_1_54' title='bbox 1327 586 1596 642; x_wconf 56' lang='grc' dir='ltr'>Πυθόδημος.</span> <span class='ocrx_word' id='word_1_55' title='bbox 1618 590 1682 630; x_wconf 82' lang='grc' dir='ltr'>ἐπὶ</span> 
     </span>
     <span class='ocr_line' id='line_1_9' title="bbox 212 644 1679 704; baseline -0.001 -16"><span class='ocrx_word' id='word_1_56' title='bbox 212 649 361 689; x_wconf 81' lang='grc' dir='ltr'>τούτου</span> <span class='ocrx_word' id='word_1_57' title='bbox 380 651 547 704; x_wconf 81' lang='grc' dir='ltr'>πρῶτον</span> <span class='ocrx_word' id='word_1_58' title='bbox 564 649 691 690; x_wconf 83' lang='grc' dir='ltr'>αὐτὸν</span> <span class='ocrx_word' id='word_1_59' title='bbox 708 650 764 695; x_wconf 79' lang='grc' dir='ltr'>εἰς</span> <span class='ocrx_word' id='word_1_60' title='bbox 781 645 1040 702; x_wconf 73' lang='grc' dir='ltr'>δικαστήριον</span> <span class='ocrx_word' id='word_1_61' title='bbox 1056 650 1153 696; x_wconf 80' lang='grc' dir='ltr'>τοὺς</span> <span class='ocrx_word' id='word_1_62' title='bbox 1172 652 1427 702; x_wconf 76' lang='grc' dir='ltr'>συγγραφεῖς</span> <span class='ocrx_word' id='word_1_63' title='bbox 1444 644 1679 698; x_wconf 68' lang='grc' dir='ltr'>ὑπεθέμεθα.</span> 
     </span>
     <span class='ocr_line' id='line_1_10' title="bbox 213 702 1680 761; baseline -0.003 -14"><span class='ocrx_word' id='word_1_64' title='bbox 213 706 311 758; x_wconf 72' lang='grc' dir='ltr'>μετὰ</span> <span class='ocrx_word' id='word_1_65' title='bbox 333 703 373 748; x_wconf 73' lang='grc' dir='ltr'>δὲ</span> <span class='ocrx_word' id='word_1_66' title='bbox 393 710 554 748; x_wconf 85' lang='grc' dir='ltr'>τοῦτον.</span> <span class='ocrx_word' id='word_1_67' title='bbox 586 704 708 761; x_wconf 69' lang='grc' dir='ltr'>(κζ’.)</span> <span class='ocrx_word' id='word_1_68' title='bbox 731 705 966 753; x_wconf 74' lang='grc' dir='ltr'>Εὐαίνετος.</span> <span class='ocrx_word' id='word_1_69' title='bbox 998 704 1113 757; x_wconf 76' lang='grc' dir='ltr'>(κη’.)</span> <span class='ocrx_word' id='word_1_70' title='bbox 1139 704 1384 754; x_wconf 84' lang='grc' dir='ltr'>Κτησικλῆς.</span> <span class='ocrx_word' id='word_1_71' title='bbox 1415 702 1540 757; x_wconf 56' lang='grc' dir='ltr'>(κδ’.)</span> <span class='ocrx_word' id='word_1_72' title='bbox 1563 707 1680 744; x_wconf 90' lang='grc' dir='ltr'>Νικο-</span> 
     </span>
     <span class='ocr_line' id='line_1_11' title="bbox 215 760 1682 819; baseline -0.002 -15"><span class='ocrx_word' id='word_1_73' title='bbox 215 764 379 817; x_wconf 84' lang='grc' dir='ltr'>κράτης.</span> <span class='ocrx_word' id='word_1_74' title='bbox 410 762 508 818; x_wconf 78' lang='grc' dir='ltr'>(λ’.)</span> <span class='ocrx_word' id='word_1_75' title='bbox 530 766 718 812; x_wconf 85' lang='grc' dir='ltr'>Νικήτης.</span> <span class='ocrx_word' id='word_1_76' title='bbox 749 762 875 818; x_wconf 82' lang='grc' dir='ltr'>(λα’.)</span> <span class='ocrx_word' id='word_1_77' title='bbox 895 762 1217 819; x_wconf 81' lang='grc' dir='ltr'>Ἀριστοφάνης.</span> <span class='ocrx_word' id='word_1_78' title='bbox 1249 760 1383 818; x_wconf 57' lang='grc' dir='ltr'>(λβ.)</span> <span class='ocrx_word' id='word_1_79' title='bbox 1406 761 1682 816; x_wconf 79' lang='grc' dir='ltr'>Ἀριστοφῶν.</span> 
     </span>
     <span class='ocr_line' id='line_1_12' title="bbox 213 816 1683 876; baseline -0.001 -15"><span class='ocrx_word' id='word_1_80' title='bbox 213 818 343 875; x_wconf 84' lang='grc' dir='ltr'>(λγ’.)</span> <span class='ocrx_word' id='word_1_81' title='bbox 365 823 581 876; x_wconf 81' lang='grc' dir='ltr'>Κησιφῶν.</span> <span class='ocrx_word' id='word_1_82' title='bbox 614 819 739 876; x_wconf 45' lang='grc' dir='ltr'>(λῧἽ)</span> <span class='ocrx_word' id='word_1_83' title='bbox 754 821 1025 876; x_wconf 61' lang='grc' dir='ltr'>Εὐθύκριτος.</span> <span class='ocrx_word' id='word_1_84' title='bbox 1057 818 1175 874; x_wconf 74' lang='grc' dir='ltr'>(λε’.)</span> <span class='ocrx_word' id='word_1_85' title='bbox 1194 819 1407 875; x_wconf 46' lang='grc' dir='ltr'>(Ηγήμων.</span> <span class='ocrx_word' id='word_1_86' title='bbox 1438 816 1563 872; x_wconf 50' lang='lat' dir='ltr'>(Res)</span> <span class='ocrx_word' id='word_1_87' title='bbox 1577 820 1683 873; x_wconf 79' lang='grc' dir='ltr'>Κρέ-</span> 
     </span>
     <span class='ocr_line' id='line_1_13' title="bbox 214 873 1681 934; baseline -0.003 -16"><span class='ocrx_word' id='word_1_88' title='bbox 214 896 308 931; x_wconf 92' lang='grc' dir='ltr'>μης.</span> <span class='ocrx_word' id='word_1_89' title='bbox 356 877 477 930; x_wconf 72' lang='grc' dir='ltr'>(λζ’.)</span> <span class='ocrx_word' id='word_1_90' title='bbox 505 878 740 928; x_wconf 85' lang='grc' dir='ltr'>Ἀντικλῆς.</span> <span class='ocrx_word' id='word_1_91' title='bbox 787 877 917 933; x_wconf 44' lang='grc' dir='ltr'>(λθ.)</span> <span class='ocrx_word' id='word_1_92' title='bbox 947 875 1265 934; x_wconf 66' lang='grc' dir='ltr'>Κηφισόδωρος.</span> <span class='ocrx_word' id='word_1_93' title='bbox 1324 875 1423 932; x_wconf 69' lang='grc' dir='ltr'>(μ’.)</span> <span class='ocrx_word' id='word_1_94' title='bbox 1456 873 1681 924; x_wconf 84' lang='grc' dir='ltr'>Φιλοκλῆς.</span> 
     </span>
    </p>
   </div>
   <div class='ocr_carea' id='block_1_3' title="bbox 217 968 935 1395">
    <p class='ocr_par' dir='ltr' id='par_1_3' title="bbox 217 968 935 1170">
     <span class='ocr_line' id='line_1_14' title="bbox 217 968 933 1009; baseline 0.001 -12"><span class='ocrx_word' id='word_1_95' title='bbox 217 968 246 997; x_wconf 88' lang='lat' dir='ltr'>in</span> <span class='ocrx_word' id='word_1_96' title='bbox 276 969 381 999; x_wconf 88' lang='lat' dir='ltr'>multis</span> <span class='ocrx_word' id='word_1_97' title='bbox 412 974 577 1009; x_wconf 79' lang='lat' dir='ltr'>corruptus</span> <span class='ocrx_word' id='word_1_98' title='bbox 606 975 662 1005; x_wconf 80' lang='lat' dir='ltr'>est,</span> <span class='ocrx_word' id='word_1_99' title='bbox 693 971 765 1009; x_wconf 86' lang='lat' dir='ltr'>quin</span> <span class='ocrx_word' id='word_1_100' title='bbox 798 975 826 999; x_wconf 82' lang='lat' dir='ltr'>et</span> <span class='ocrx_word' id='word_1_101' title='bbox 857 970 933 999; x_wconf 90' lang='lat' dir='ltr'>duo-</span> 
     </span>
     <span class='ocr_line' id='line_1_15' title="bbox 217 1012 933 1048; baseline 0.003 -8"><span class='ocrx_word' id='word_1_102' title='bbox 217 1012 273 1041; x_wconf 88' lang='lat' dir='ltr'>bus</span> <span class='ocrx_word' id='word_1_103' title='bbox 297 1013 434 1048; x_wconf 86' lang='lat' dir='ltr'>mutilus,</span> <span class='ocrx_word' id='word_1_104' title='bbox 460 1018 491 1042; x_wconf 90' lang='lat' dir='ltr'>ut</span> <span class='ocrx_word' id='word_1_105' title='bbox 514 1014 550 1042; x_wconf 85' lang='lat' dir='ltr'>ad</span> <span class='ocrx_word' id='word_1_106' title='bbox 578 1023 659 1042; x_wconf 86' lang='lat' dir='ltr'>vers.</span> <span class='ocrx_word' id='word_1_107' title='bbox 683 1015 738 1043; x_wconf 86' lang='lat' dir='ltr'>ult.</span> <span class='ocrx_word' id='word_1_108' title='bbox 761 1013 933 1042; x_wconf 75' lang='lat' dir='ltr'>docebitur.</span> 
     </span>
     <span class='ocr_line' id='line_1_16' title="bbox 219 1054 934 1092; baseline 0.001 -9"><span class='ocrx_word' id='word_1_109' title='bbox 219 1054 248 1083; x_wconf 92' lang='lat' dir='ltr'>in</span> <span class='ocrx_word' id='word_1_110' title='bbox 269 1056 422 1084; x_wconf 78' lang='lat' dir='ltr'>nonnullis</span> <span class='ocrx_word' id='word_1_111' title='bbox 446 1057 536 1084; x_wconf 83' lang='lat' dir='ltr'>etiam</span> <span class='ocrx_word' id='word_1_112' title='bbox 555 1056 686 1085; x_wconf 83' lang='lat' dir='ltr'>varietas</span> <span class='ocrx_word' id='word_1_113' title='bbox 704 1061 771 1092; x_wconf 79' lang='lat' dir='ltr'>est3</span> <span class='ocrx_word' id='word_1_114' title='bbox 797 1060 831 1085; x_wconf 91' lang='lat' dir='ltr'>ut</span> <span class='ocrx_word' id='word_1_115' title='bbox 849 1056 934 1084; x_wconf 88' lang='lat' dir='ltr'>dein-</span> 
     </span>
     <span class='ocr_line' id='line_1_17' title="bbox 218 1099 935 1136; baseline 0.004 -10"><span class='ocrx_word' id='word_1_116' title='bbox 218 1108 291 1135; x_wconf 84' lang='lat' dir='ltr'>ceps</span> <span class='ocrx_word' id='word_1_117' title='bbox 303 1109 357 1126; x_wconf 78' lang='lat' dir='ltr'>su«)</span> <span class='ocrx_word' id='word_1_118' title='bbox 370 1100 516 1136; x_wconf 85' lang='lat' dir='ltr'>cujusque</span> <span class='ocrx_word' id='word_1_119' title='bbox 531 1100 599 1127; x_wconf 88' lang='lat' dir='ltr'>loco</span> <span class='ocrx_word' id='word_1_120' title='bbox 615 1099 831 1128; x_wconf 78' lang='lat' dir='ltr'>declarabitur.</span> <span class='ocrx_word' id='word_1_121' title='bbox 849 1099 935 1129; x_wconf 80' lang='lat' dir='ltr'>SYL-</span> 
     </span>
     <span class='ocr_line' id='line_1_18' title="bbox 219 1151 325 1170; baseline 0 0"><span class='ocrx_word' id='word_1_122' title='bbox 219 1151 325 1170; x_wconf 74' lang='lat' dir='ltr'>nuuc.</span> 
     </span>
    </p>

    <p class='ocr_par' dir='ltr' id='par_1_4' title="bbox 219 1181 934 1395">
     <span class='ocr_line' id='line_1_19' title="bbox 262 1181 933 1222; baseline 0.001 -10"><span class='ocrx_word' id='word_1_123' title='bbox 262 1181 314 1222; x_wconf 60' lang='lat'>82]</span> <span class='ocrx_word' id='word_1_124' title='bbox 332 1183 441 1221; x_wconf 78' lang='lat' dir='ltr'><strong>Quarti</strong></span> <span class='ocrx_word' id='word_1_125' title='bbox 459 1193 532 1221; x_wconf 78' lang='lat' dir='ltr'>ergo</span> <span class='ocrx_word' id='word_1_126' title='bbox 547 1194 654 1213; x_wconf 80' lang='lat' dir='ltr'>nomen</span> <span class='ocrx_word' id='word_1_127' title='bbox 672 1185 753 1222; x_wconf 82' lang='lat' dir='ltr'>apud</span> <span class='ocrx_word' id='word_1_128' title='bbox 773 1184 933 1222; x_wconf 80' lang='lat' dir='ltr'>Sigonium</span> 
     </span>
     <span class='ocr_line' id='line_1_20' title="bbox 219 1225 934 1265; baseline 0.003 -11"><span class='ocrx_word' id='word_1_129' title='bbox 219 1225 249 1255; x_wconf 87' lang='lat' dir='ltr'>in</span> <span class='ocrx_word' id='word_1_130' title='bbox 268 1226 345 1255; x_wconf 85' lang='lat' dir='ltr'>libro</span> <span class='ocrx_word' id='word_1_131' title='bbox 364 1226 409 1254; x_wconf 84' lang='lat' dir='ltr'>De</span> <span class='ocrx_word' id='word_1_132' title='bbox 427 1226 660 1256; x_wconf 73' lang='lat' dir='ltr'>Atheniensium</span> <span class='ocrx_word' id='word_1_133' title='bbox 676 1228 870 1265; x_wconf 82' lang='lat' dir='ltr'>temporibus</span> <span class='ocrx_word' id='word_1_134' title='bbox 887 1232 934 1256; x_wconf 83' lang='lat' dir='ltr'>est</span> 
     </span>
     <span class='ocr_line' id='line_1_21' title="bbox 219 1269 933 1309; baseline 0.001 -11"><span class='ocrx_word' id='word_1_135' title='bbox 219 1269 504 1299; x_wconf 62' lang='lat' dir='ltr'>Cnmnsooonus.</span> <span class='ocrx_word' id='word_1_136' title='bbox 521 1270 573 1298; x_wconf 78' lang='lat' dir='ltr'>sed</span> <span class='ocrx_word' id='word_1_137' title='bbox 587 1280 654 1299; x_wconf 89' lang='lat' dir='ltr'>cum</span> <span class='ocrx_word' id='word_1_138' title='bbox 667 1271 746 1309; x_wconf 78' lang='lat' dir='ltr'>apud</span> <span class='ocrx_word' id='word_1_139' title='bbox 765 1269 933 1299; x_wconf 85' lang='lat' dir='ltr'>Diodorum</span> 
     </span>
     <span class='ocr_line' id='line_1_22' title="bbox 220 1311 934 1352; baseline 0.001 -11"><span class='ocrx_word' id='word_1_140' title='bbox 220 1322 342 1351; x_wconf 84' lang='lat' dir='ltr'>quoque</span> <span class='ocrx_word' id='word_1_141' title='bbox 364 1311 453 1352; x_wconf 84' lang='lat' dir='ltr'><strong>(pag.</strong></span> <span class='ocrx_word' id='word_1_142' title='bbox 470 1312 565 1352; x_wconf 85' lang='grc'>512.)</span> <span class='ocrx_word' id='word_1_143' title='bbox 589 1313 710 1350; x_wconf 67' lang='lat' dir='ltr'>legatur</span> <span class='ocrx_word' id='word_1_144' title='bbox 734 1313 934 1352; x_wconf 75' lang='grc' dir='ltr'>Κηφισόδοτος,</span> 
     </span>
     <span class='ocr_line' id='line_1_23' title="bbox 221 1356 934 1395; baseline 0.001 -11"><span class='ocrx_word' id='word_1_145' title='bbox 221 1365 279 1384; x_wconf 91' lang='lat' dir='ltr'>non</span> <span class='ocrx_word' id='word_1_146' title='bbox 293 1360 352 1390; x_wconf 76' lang='lat' dir='ltr'>est,</span> <span class='ocrx_word' id='word_1_147' title='bbox 363 1356 444 1393; x_wconf 85' lang='lat' dir='ltr'>quod</span> <span class='ocrx_word' id='word_1_148' title='bbox 459 1360 564 1385; x_wconf 77' lang='lat' dir='ltr'>nostra</span> <span class='ocrx_word' id='word_1_149' title='bbox 578 1356 730 1394; x_wconf 77' lang='lat' dir='ltr'>scriptura</span> <span class='ocrx_word' id='word_1_150' title='bbox 742 1356 769 1385; x_wconf 93' lang='lat' dir='ltr'>iu</span> <span class='ocrx_word' id='word_1_151' title='bbox 782 1356 934 1395; x_wconf 87' lang='lat' dir='ltr'>suspicio-</span> 
     </span>
    </p>
   </div>
   <div class='ocr_carea' id='block_1_4' title="bbox 221 1400 652 1429">
    <p class='ocr_par' dir='ltr' id='par_1_5' title="bbox 221 1400 652 1429">
     <span class='ocr_line' id='line_1_24' title="bbox 221 1400 652 1429; baseline 0 -1"><span class='ocrx_word' id='word_1_152' title='bbox 221 1409 288 1428; x_wconf 87' lang='lat' dir='ltr'>nem</span> <span class='ocrx_word' id='word_1_153' title='bbox 308 1403 447 1427; x_wconf 77' lang='lat' dir='ltr'>vocetur.</span> <span class='ocrx_word' id='word_1_154' title='bbox 471 1400 652 1429; x_wconf 75' lang='lat' dir='ltr'><strong>SYLBURG.</strong></span> 
     </span>
    </p>
   </div>
   <div class='ocr_carea' id='block_1_5' title="bbox 222 1440 949 2928">
    <p class='ocr_par' dir='ltr' id='par_1_6' title="bbox 222 1440 939 1780">
     <span class='ocr_line' id='line_1_25' title="bbox 265 1440 935 1481; baseline 0.003 -12"><span class='ocrx_word' id='word_1_155' title='bbox 265 1440 320 1481; x_wconf 85' lang='grc' dir='ltr'>ς·’.]</span> <span class='ocrx_word' id='word_1_156' title='bbox 345 1442 460 1470; x_wconf 79' lang='lat' dir='ltr'>Sextus</span> <span class='ocrx_word' id='word_1_157' title='bbox 477 1443 513 1471; x_wconf 85' lang='lat' dir='ltr'>ab</span> <span class='ocrx_word' id='word_1_158' title='bbox 532 1444 639 1472; x_wconf 84' lang='lat' dir='ltr'>eodem</span> <span class='ocrx_word' id='word_1_159' title='bbox 653 1441 781 1480; x_wconf 81' lang='lat' dir='ltr'>Sigonio</span> <span class='ocrx_word' id='word_1_160' title='bbox 798 1442 935 1471; x_wconf 84' lang='lat' dir='ltr'>nomina·</span> 
     </span>
     <span class='ocr_line' id='line_1_26' title="bbox 222 1485 935 1524; baseline 0.001 -11"><span class='ocrx_word' id='word_1_161' title='bbox 222 1489 272 1515; x_wconf 83' lang='lat' dir='ltr'>tur</span> <span class='ocrx_word' id='word_1_162' title='bbox 296 1485 466 1515; x_wconf 71' lang='lat' dir='ltr'>meNUs.</span> <span class='ocrx_word' id='word_1_163' title='bbox 483 1486 561 1524; x_wconf 76' lang='lat' dir='ltr'>apud</span> <span class='ocrx_word' id='word_1_164' title='bbox 590 1486 757 1514; x_wconf 88' lang='lat' dir='ltr'>Diodorum</span> <span class='ocrx_word' id='word_1_165' title='bbox 775 1488 848 1517; x_wconf 85' lang='lat'>518.</span> <span class='ocrx_word' id='word_1_166' title='bbox 874 1496 935 1515; x_wconf 81' lang='lat' dir='ltr'>am-</span> 
     </span>
     <span class='ocr_line' id='line_1_27' title="bbox 224 1527 937 1567; baseline 0.003 -11"><span class='ocrx_word' id='word_1_167' title='bbox 224 1527 318 1565; x_wconf 84' lang='lat' dir='ltr'>biguo</span> <span class='ocrx_word' id='word_1_168' title='bbox 334 1528 391 1556; x_wconf 82' lang='lat' dir='ltr'>fine</span> <span class='ocrx_word' id='word_1_169' title='bbox 415 1528 527 1566; x_wconf 80' lang='lat' dir='ltr'>legitur</span> <span class='ocrx_word' id='word_1_170' title='bbox 542 1527 682 1558; x_wconf 79' lang='grc' dir='ltr'>Ἐλπίνου.</span> <span class='ocrx_word' id='word_1_171' title='bbox 707 1539 799 1567; x_wconf 83' lang='lat' dir='ltr'>supra</span> <span class='ocrx_word' id='word_1_172' title='bbox 815 1531 868 1563; x_wconf 82' lang='lat'>85,</span> <span class='ocrx_word' id='word_1_173' title='bbox 885 1530 937 1558; x_wconf 80' lang='grc'>32.</span> 
     </span>
     <span class='ocr_line' id='line_1_28' title="bbox 224 1569 938 1608; baseline 0.003 -9"><span class='ocrx_word' id='word_1_174' title='bbox 224 1570 398 1605; x_wconf 80' lang='lat' dir='ltr'>habuimus,</span> <span class='ocrx_word' id='word_1_175' title='bbox 423 1570 490 1600; x_wconf 73' lang='grc' dir='ltr'>κατ’</span> <span class='ocrx_word' id='word_1_176' title='bbox 515 1569 690 1608; x_wconf 75' lang='grc' dir='ltr'>Ἀγαθοκλέα</span> <span class='ocrx_word' id='word_1_177' title='bbox 712 1572 759 1600; x_wconf 70' lang='grc' dir='ltr'>καὶ</span> <span class='ocrx_word' id='word_1_178' title='bbox 782 1570 938 1602; x_wconf 77' lang='grc' dir='ltr'>Ἐλπινίκην</span> 
     </span>
     <span class='ocr_line' id='line_1_29' title="bbox 225 1613 937 1655; baseline 0.003 -13"><span class='ocrx_word' id='word_1_179' title='bbox 225 1613 376 1654; x_wconf 70' lang='grc' dir='ltr'>ἄςχοντιις.</span> <span class='ocrx_word' id='word_1_180' title='bbox 389 1618 419 1642; x_wconf 88' lang='lat' dir='ltr'>ut</span> <span class='ocrx_word' id='word_1_181' title='bbox 430 1624 532 1643; x_wconf 80' lang='lat' dir='ltr'>verum</span> <span class='ocrx_word' id='word_1_182' title='bbox 551 1614 638 1655; x_wconf 81' lang='lat' dir='ltr'>hujus</span> <span class='ocrx_word' id='word_1_183' title='bbox 650 1615 812 1644; x_wconf 85' lang='lat' dir='ltr'>Archontis</span> <span class='ocrx_word' id='word_1_184' title='bbox 829 1625 937 1644; x_wconf 81' lang='lat' dir='ltr'>nomeu</span> 
     </span>
     <span class='ocr_line' id='line_1_30' title="bbox 227 1656 936 1695; baseline 0.003 -10"><span class='ocrx_word' id='word_1_185' title='bbox 227 1667 296 1685; x_wconf 79' lang='lat' dir='ltr'>esse</span> <span class='ocrx_word' id='word_1_186' title='bbox 310 1657 460 1686; x_wconf 76' lang='lat' dir='ltr'>videatur.</span> <span class='ocrx_word' id='word_1_187' title='bbox 477 1656 643 1694; x_wconf 77' lang='grc' dir='ltr'>Ἐλπινίκης,</span> <span class='ocrx_word' id='word_1_188' title='bbox 657 1657 814 1695; x_wconf 75' lang='grc' dir='ltr'>ΕΙρὶηὶοεε.</span> <span class='ocrx_word' id='word_1_189' title='bbox 832 1657 936 1687; x_wconf 80' lang='lat' dir='ltr'><strong>IDEM.</strong></span> 
     </span>
     <span class='ocr_line' id='line_1_31' title="bbox 229 1699 939 1730; baseline 0.006 -4"><span class='ocrx_word' id='word_1_190' title='bbox 229 1699 266 1727; x_wconf 79' lang='lat' dir='ltr'>V.</span> <span class='ocrx_word' id='word_1_191' title='bbox 290 1699 418 1730; x_wconf 85' lang='lat' dir='ltr'>Meursii</span> <span class='ocrx_word' id='word_1_192' title='bbox 440 1700 613 1730; x_wconf 84' lang='lat' dir='ltr'>Archontas</span> <span class='ocrx_word' id='word_1_193' title='bbox 632 1701 744 1730; x_wconf 74' lang='lat' dir='ltr'>Allien.</span> <span class='ocrx_word' id='word_1_194' title='bbox 767 1701 787 1730; x_wconf 88' lang='lat' dir='ltr'>l.</span> <span class='ocrx_word' id='word_1_195' title='bbox 809 1703 839 1730; x_wconf 85' lang='lat'>4.</span> <span class='ocrx_word' id='word_1_196' title='bbox 864 1711 891 1730; x_wconf 82' lang='grc' dir='ltr'>ο.</span> <span class='ocrx_word' id='word_1_197' title='bbox 909 1705 939 1730; x_wconf 79' lang='grc'>2.</span> 
     </span>
     <span class='ocr_line' id='line_1_32' title="bbox 230 1742 393 1780; baseline 0 -9"><span class='ocrx_word' id='word_1_198' title='bbox 230 1742 393 1780; x_wconf 70' lang='lat' dir='ltr'>Hupson.</span> 
     </span>
    </p>

    <p class='ocr_par' dir='ltr' id='par_1_7' title="bbox 272 1784 940 1825">
     <span class='ocr_line' id='line_1_33' title="bbox 272 1784 940 1825; baseline 0.003 -11"><span class='ocrx_word' id='word_1_199' title='bbox 272 1784 335 1824; x_wconf 84' lang='grc' dir='ltr'>ια’.]</span> <span class='ocrx_word' id='word_1_200' title='bbox 357 1785 544 1815; x_wconf 84' lang='lat' dir='ltr'>Undecimus</span> <span class='ocrx_word' id='word_1_201' title='bbox 569 1786 651 1825; x_wconf 84' lang='lat' dir='ltr'>apud</span> <span class='ocrx_word' id='word_1_202' title='bbox 681 1785 848 1815; x_wconf 88' lang='lat' dir='ltr'>Diodorum</span> <span class='ocrx_word' id='word_1_203' title='bbox 865 1787 940 1817; x_wconf 87' lang='grc'>531.</span> 
     </span>
    </p>

    <p class='ocr_par' dir='ltr' id='par_1_8' title="bbox 230 1828 943 1995">
     <span class='ocr_line' id='line_1_34' title="bbox 277 1828 940 1868; baseline 0.002 -11"><span class='ocrx_word' id='word_1_204' title='bbox 277 1828 453 1864; x_wconf 73' lang='grc' dir='ltr'>1Θὲσσ-αιλος,</span> <span class='ocrx_word' id='word_1_205' title='bbox 471 1834 740 1868; x_wconf 77' lang='lat' dir='ltr'>proparoxytonoes</span> <span class='ocrx_word' id='word_1_206' title='bbox 756 1840 762 1859; x_wconf 71' lang='grc' dir='ltr'>ε</span> <span class='ocrx_word' id='word_1_207' title='bbox 786 1830 874 1868; x_wconf 83' lang='lat' dir='ltr'>cujus</span> <span class='ocrx_word' id='word_1_208' title='bbox 890 1840 940 1858; x_wconf 81' lang='lat' dir='ltr'>ac-</span> 
     </span>
     <span class='ocr_line' id='line_1_35' title="bbox 230 1872 943 1910; baseline 0.001 -10"><span class='ocrx_word' id='word_1_209' title='bbox 230 1875 338 1900; x_wconf 79' lang='lat' dir='ltr'>centus</span> <span class='ocrx_word' id='word_1_210' title='bbox 355 1872 508 1901; x_wconf 81' lang='lat' dir='ltr'>evidentia</span> <span class='ocrx_word' id='word_1_211' title='bbox 525 1872 654 1910; x_wconf 82' lang='lat' dir='ltr'>vestigia</span> <span class='ocrx_word' id='word_1_212' title='bbox 677 1877 840 1901; x_wconf 86' lang='lat' dir='ltr'>cernuntur</span> <span class='ocrx_word' id='word_1_213' title='bbox 864 1873 943 1902; x_wconf 81' lang='lat' dir='ltr'>infra</span> 
     </span>
     <span class='ocr_line' id='line_1_36' title="bbox 231 1914 941 1953; baseline 0.003 -11"><span class='ocrx_word' id='word_1_214' title='bbox 231 1914 260 1942; x_wconf 90' lang='lat' dir='ltr'>in</span> <span class='ocrx_word' id='word_1_215' title='bbox 277 1919 423 1953; x_wconf 84' lang='lat' dir='ltr'>corrupto</span> <span class='ocrx_word' id='word_1_216' title='bbox 439 1915 572 1950; x_wconf 79' lang='grc' dir='ltr'>Θέελλος,</span> <span class='ocrx_word' id='word_1_217' title='bbox 600 1919 671 1949; x_wconf 84' lang='grc'>121,</span> <span class='ocrx_word' id='word_1_218' title='bbox 690 1918 739 1944; x_wconf 85' lang='grc'>12.</span> <span class='ocrx_word' id='word_1_219' title='bbox 758 1916 809 1944; x_wconf 94' lang='grc'>13.</span> <span class='ocrx_word' id='word_1_220' title='bbox 826 1916 941 1944; x_wconf 83' lang='lat' dir='ltr'>mentio</span> 
     </span>
     <span class='ocr_line' id='line_1_37' title="bbox 230 1957 781 1995; baseline 0.002 -10"><span class='ocrx_word' id='word_1_221' title='bbox 230 1957 367 1995; x_wconf 79' lang='lat' dir='ltr'>ejusdem</span> <span class='ocrx_word' id='word_1_222' title='bbox 387 1967 415 1994; x_wconf 85' lang='lat' dir='ltr'>p.</span> <span class='ocrx_word' id='word_1_223' title='bbox 432 1960 506 1987; x_wconf 79' lang='grc'>270.</span> <span class='ocrx_word' id='word_1_224' title='bbox 525 1960 576 1986; x_wconf 82' lang='grc'>24.</span> <span class='ocrx_word' id='word_1_225' title='bbox 601 1958 781 1987; x_wconf 75' lang='lat' dir='ltr'><strong>SYLBURG.</strong></span> 
     </span>
    </p>

    <p class='ocr_par' dir='ltr' id='par_1_9' title="bbox 232 1997 944 2339">
     <span class='ocr_line' id='line_1_38' title="bbox 276 1997 941 2038; baseline 0.002 -11"><span class='ocrx_word' id='word_1_226' title='bbox 276 1997 334 2037; x_wconf 58' lang='lat'>131]</span> <span class='ocrx_word' id='word_1_227' title='bbox 358 2000 492 2036; x_wconf 76' lang='lat' dir='ltr'>Quartus</span> <span class='ocrx_word' id='word_1_228' title='bbox 508 2000 648 2029; x_wconf 83' lang='lat' dir='ltr'>decimus</span> <span class='ocrx_word' id='word_1_229' title='bbox 670 2001 749 2038; x_wconf 85' lang='lat' dir='ltr'>apud</span> <span class='ocrx_word' id='word_1_230' title='bbox 771 2000 941 2029; x_wconf 86' lang='lat' dir='ltr'>Diodorum</span> 
     </span>
     <span class='ocr_line' id='line_1_39' title="bbox 233 2041 942 2081; baseline 0.001 -11"><span class='ocrx_word' id='word_1_231' title='bbox 233 2045 280 2070; x_wconf 86' lang='lat' dir='ltr'>est</span> <span class='ocrx_word' id='word_1_232' title='bbox 297 2041 444 2080; x_wconf 66' lang='grc' dir='ltr'>Θεόφιλος,</span> <span class='ocrx_word' id='word_1_233' title='bbox 457 2043 531 2072; x_wconf 90' lang='grc'>538.</span> <span class='ocrx_word' id='word_1_234' title='bbox 547 2053 553 2070; x_wconf 80' lang='lat'>2</span> <span class='ocrx_word' id='word_1_235' title='bbox 578 2053 632 2071; x_wconf 86' lang='lat' dir='ltr'>uec</span> <span class='ocrx_word' id='word_1_236' title='bbox 649 2053 708 2071; x_wconf 90' lang='lat' dir='ltr'>non</span> <span class='ocrx_word' id='word_1_237' title='bbox 725 2043 804 2081; x_wconf 87' lang='lat' dir='ltr'>apud</span> <span class='ocrx_word' id='word_1_238' title='bbox 824 2042 942 2081; x_wconf 88' lang='lat' dir='ltr'>Diony-</span> 
     </span>
     <span class='ocr_line' id='line_1_40' title="bbox 234 2083 943 2124; baseline 0.003 -12"><span class='ocrx_word' id='word_1_239' title='bbox 234 2083 311 2113; x_wconf 88' lang='lat' dir='ltr'>sium</span> <span class='ocrx_word' id='word_1_240' title='bbox 329 2084 417 2120; x_wconf 79' lang='lat' dir='ltr'>infra,</span> <span class='ocrx_word' id='word_1_241' title='bbox 434 2087 507 2120; x_wconf 73' lang='lat'>123,</span> <span class='ocrx_word' id='word_1_242' title='bbox 522 2086 552 2115; x_wconf 84' lang='lat'>5.</span> <span class='ocrx_word' id='word_1_243' title='bbox 570 2085 690 2114; x_wconf 84' lang='lat' dir='ltr'>Falsum</span> <span class='ocrx_word' id='word_1_244' title='bbox 705 2085 801 2124; x_wconf 85' lang='lat' dir='ltr'>igitur</span> <span class='ocrx_word' id='word_1_245' title='bbox 818 2086 865 2115; x_wconf 80' lang='lat' dir='ltr'>hic</span> <span class='ocrx_word' id='word_1_246' title='bbox 877 2086 943 2115; x_wconf 86' lang='lat' dir='ltr'>sive</span> 
     </span>
     <span class='ocr_line' id='line_1_41' title="bbox 233 2126 943 2167; baseline 0.003 -11"><span class='ocrx_word' id='word_1_247' title='bbox 233 2126 404 2166; x_wconf 80' lang='grc' dir='ltr'>Θεόμνητος,</span> <span class='ocrx_word' id='word_1_248' title='bbox 434 2127 502 2157; x_wconf 90' lang='lat' dir='ltr'>sive</span> <span class='ocrx_word' id='word_1_249' title='bbox 532 2127 724 2167; x_wconf 79' lang='grc' dir='ltr'>Θεόμνηστος,</span> <span class='ocrx_word' id='word_1_250' title='bbox 760 2139 815 2158; x_wconf 85' lang='lat' dir='ltr'>neo</span> <span class='ocrx_word' id='word_1_251' title='bbox 846 2128 943 2167; x_wconf 82' lang='lat' dir='ltr'>magis</span> 
     </span>
     <span class='ocr_line' id='line_1_42' title="bbox 233 2169 944 2210; baseline 0.001 -11"><span class='ocrx_word' id='word_1_252' title='bbox 233 2179 339 2199; x_wconf 88' lang='lat' dir='ltr'>verum</span> <span class='ocrx_word' id='word_1_253' title='bbox 353 2169 594 2210; x_wconf 72' lang='grc' dir='ltr'>Θούμηδος,οιιο(1</span> <span class='ocrx_word' id='word_1_254' title='bbox 607 2172 684 2200; x_wconf 82' lang='lat' dir='ltr'>iufra</span> <span class='ocrx_word' id='word_1_255' title='bbox 694 2182 724 2210; x_wconf 88' lang='lat' dir='ltr'>p.</span> <span class='ocrx_word' id='word_1_256' title='bbox 737 2174 812 2202; x_wconf 87' lang='grc'>275.</span> <span class='ocrx_word' id='word_1_257' title='bbox 824 2174 875 2202; x_wconf 85' lang='grc'>12.</span> <span class='ocrx_word' id='word_1_258' title='bbox 888 2182 944 2210; x_wconf 86' lang='lat' dir='ltr'>pro</span> 
     </span>
     <span class='ocr_line' id='line_1_43' title="bbox 233 2213 944 2252; baseline 0 -10"><span class='ocrx_word' id='word_1_259' title='bbox 233 2213 340 2243; x_wconf 87' lang='lat' dir='ltr'>eodem</span> <span class='ocrx_word' id='word_1_260' title='bbox 364 2213 489 2252; x_wconf 84' lang='lat' dir='ltr'>legitur.</span> <span class='ocrx_word' id='word_1_261' title='bbox 513 2215 620 2244; x_wconf 77' lang='lat' dir='ltr'><strong>IDEM.</strong></span> <span class='ocrx_word' id='word_1_262' title='bbox 646 2215 682 2244; x_wconf 89' lang='lat' dir='ltr'>V.</span> <span class='ocrx_word' id='word_1_263' title='bbox 700 2215 828 2244; x_wconf 89' lang='lat' dir='ltr'>Meursii</span> <span class='ocrx_word' id='word_1_264' title='bbox 848 2213 944 2245; x_wconf 77' lang='lat' dir='ltr'>Arch-</span> 
     </span>
     <span class='ocr_line' id='line_1_44' title="bbox 232 2256 944 2298; baseline 0.004 -13"><span class='ocrx_word' id='word_1_265' title='bbox 232 2256 344 2285; x_wconf 89' lang='lat' dir='ltr'>Athen.</span> <span class='ocrx_word' id='word_1_266' title='bbox 361 2259 393 2286; x_wconf 86' lang='lat'>4.</span> <span class='ocrx_word' id='word_1_267' title='bbox 411 2259 440 2287; x_wconf 87' lang='lat'>9.</span> <span class='ocrx_word' id='word_1_268' title='bbox 463 2257 626 2287; x_wconf 67' lang='lat' dir='ltr'>Hunson.</span> <span class='ocrx_word' id='word_1_269' title='bbox 649 2258 770 2298; x_wconf 79' lang='lat' dir='ltr'>Corsini</span> <span class='ocrx_word' id='word_1_270' title='bbox 788 2260 871 2288; x_wconf 80' lang='lat' dir='ltr'>Fast.</span> <span class='ocrx_word' id='word_1_271' title='bbox 889 2259 944 2288; x_wconf 90' lang='lat' dir='ltr'>At-</span> 
     </span>
     <span class='ocr_line' id='line_1_45' title="bbox 232 2298 688 2339; baseline 0.009 -12"><span class='ocrx_word' id='word_1_272' title='bbox 232 2298 286 2330; x_wconf 85' lang='lat' dir='ltr'>tio.</span> <span class='ocrx_word' id='word_1_273' title='bbox 310 2300 348 2328; x_wconf 88' lang='lat' dir='ltr'>T.</span> <span class='ocrx_word' id='word_1_274' title='bbox 365 2300 422 2329; x_wconf 92' lang='lat' dir='ltr'>IV.</span> <span class='ocrx_word' id='word_1_275' title='bbox 438 2310 470 2339; x_wconf 88' lang='lat' dir='ltr'>p.</span> <span class='ocrx_word' id='word_1_276' title='bbox 488 2302 542 2331; x_wconf 86' lang='lat'>30.</span> <span class='ocrx_word' id='word_1_277' title='bbox 567 2301 688 2331; x_wconf 71' lang='lat' dir='ltr'>Rmsx.</span> 
     </span>
    </p>

    <p class='ocr_par' dir='ltr' id='par_1_10' title="bbox 231 2340 946 2554">
     <span class='ocr_line' id='line_1_46' title="bbox 276 2340 946 2384; baseline 0.003 -13"><span class='ocrx_word' id='word_1_278' title='bbox 276 2340 342 2382; x_wconf 77' lang='grc' dir='ltr'>ις’.]</span> <span class='ocrx_word' id='word_1_279' title='bbox 356 2343 443 2372; x_wconf 85' lang='lat' dir='ltr'>Sexti</span> <span class='ocrx_word' id='word_1_280' title='bbox 455 2342 567 2373; x_wconf 84' lang='lat' dir='ltr'>decimi</span> <span class='ocrx_word' id='word_1_281' title='bbox 581 2354 685 2373; x_wconf 86' lang='lat' dir='ltr'>verum</span> <span class='ocrx_word' id='word_1_282' title='bbox 701 2354 809 2373; x_wconf 87' lang='lat' dir='ltr'>nomen</span> <span class='ocrx_word' id='word_1_283' title='bbox 822 2348 870 2373; x_wconf 87' lang='lat' dir='ltr'>est</span> <span class='ocrx_word' id='word_1_284' title='bbox 880 2343 946 2384; x_wconf 75' lang='lat' dir='ltr'>&#39;Ap-</span> 
     </span>
     <span class='ocr_line' id='line_1_47' title="bbox 231 2384 945 2426; baseline 0.003 -12"><span class='ocrx_word' id='word_1_285' title='bbox 231 2384 302 2426; x_wconf 79' lang='grc' dir='ltr'>χίοις</span> <span class='ocrx_word' id='word_1_286' title='bbox 316 2387 397 2425; x_wconf 84' lang='lat' dir='ltr'>apud</span> <span class='ocrx_word' id='word_1_287' title='bbox 413 2385 583 2416; x_wconf 87' lang='lat' dir='ltr'>Diodorum</span> <span class='ocrx_word' id='word_1_288' title='bbox 601 2389 676 2417; x_wconf 81' lang='lat'>541.</span> <span class='ocrx_word' id='word_1_289' title='bbox 692 2391 723 2416; x_wconf 88' lang='lat' dir='ltr'>et</span> <span class='ocrx_word' id='word_1_290' title='bbox 733 2387 812 2426; x_wconf 86' lang='lat' dir='ltr'>apud</span> <span class='ocrx_word' id='word_1_291' title='bbox 827 2387 945 2426; x_wconf 88' lang='lat' dir='ltr'>Diony-</span> 
     </span>
     <span class='ocr_line' id='line_1_48' title="bbox 235 2430 945 2466; baseline 0.003 -9"><span class='ocrx_word' id='word_1_292' title='bbox 235 2430 313 2458; x_wconf 86' lang='lat' dir='ltr'>sium</span> <span class='ocrx_word' id='word_1_293' title='bbox 340 2434 474 2458; x_wconf 85' lang='lat' dir='ltr'>nostrum</span> <span class='ocrx_word' id='word_1_294' title='bbox 499 2430 576 2458; x_wconf 83' lang='lat' dir='ltr'>infra</span> <span class='ocrx_word' id='word_1_295' title='bbox 607 2432 682 2466; x_wconf 87' lang='grc'>123,</span> <span class='ocrx_word' id='word_1_296' title='bbox 700 2432 731 2461; x_wconf 88' lang='grc'>9.·</span> <span class='ocrx_word' id='word_1_297' title='bbox 765 2431 945 2461; x_wconf 62' lang='lat' dir='ltr'>Susum.</span> 
     </span>
     <span class='ocr_line' id='line_1_49' title="bbox 233 2469 945 2512; baseline 0.003 -11"><span class='ocrx_word' id='word_1_298' title='bbox 233 2469 368 2512; x_wconf 72' lang='grc' dir='ltr'>Ἀςχείοις</span> <span class='ocrx_word' id='word_1_299' title='bbox 384 2472 412 2501; x_wconf 88' lang='lat' dir='ltr'>in</span> <span class='ocrx_word' id='word_1_300' title='bbox 428 2473 498 2501; x_wconf 86' lang='lat' dir='ltr'>MS.</span> <span class='ocrx_word' id='word_1_301' title='bbox 518 2472 638 2502; x_wconf 84' lang='lat' dir='ltr'>Bodlei.</span> <span class='ocrx_word' id='word_1_302' title='bbox 655 2484 686 2503; x_wconf 89' lang='lat' dir='ltr'>v.</span> <span class='ocrx_word' id='word_1_303' title='bbox 706 2474 825 2503; x_wconf 85' lang='lat' dir='ltr'>Meurs.</span> <span class='ocrx_word' id='word_1_304' title='bbox 847 2473 945 2504; x_wconf 82' lang='lat' dir='ltr'>Hun-</span> 
     </span>
     <span class='ocr_line' id='line_1_50' title="bbox 236 2515 802 2554; baseline 0.005 -11"><span class='ocrx_word' id='word_1_305' title='bbox 236 2524 313 2545; x_wconf 71' lang='lat' dir='ltr'>son.</span> <span class='ocrx_word' id='word_1_306' title='bbox 337 2515 457 2545; x_wconf 89' lang='lat' dir='ltr'>Corsini</span> <span class='ocrx_word' id='word_1_307' title='bbox 473 2515 495 2544; x_wconf 90' lang='lat' dir='ltr'>l.</span> <span class='ocrx_word' id='word_1_308' title='bbox 512 2526 536 2545; x_wconf 87' lang='lat' dir='ltr'>c.</span> <span class='ocrx_word' id='word_1_309' title='bbox 557 2526 586 2554; x_wconf 86' lang='lat' dir='ltr'>p.</span> <span class='ocrx_word' id='word_1_310' title='bbox 600 2517 654 2545; x_wconf 82' lang='grc'>32.</span> <span class='ocrx_word' id='word_1_311' title='bbox 679 2516 802 2546; x_wconf 69' lang='lat' dir='ltr'>Rmsx.</span> 
     </span>
    </p>

    <p class='ocr_par' dir='ltr' id='par_1_11' title="bbox 234 2556 948 2761">
     <span class='ocr_line' id='line_1_51' title="bbox 277 2556 947 2597; baseline 0.004 -11"><span class='ocrx_word' id='word_1_312' title='bbox 277 2556 322 2597; x_wconf 76' lang='grc' dir='ltr'>ιζ’.</span> <span class='ocrx_word' id='word_1_313' title='bbox 345 2558 501 2597; x_wconf 85' lang='lat' dir='ltr'>Septimus</span> <span class='ocrx_word' id='word_1_314' title='bbox 518 2558 659 2588; x_wconf 88' lang='lat' dir='ltr'>decimus</span> <span class='ocrx_word' id='word_1_315' title='bbox 673 2559 796 2594; x_wconf 84' lang='lat' dir='ltr'>archon,</span> <span class='ocrx_word' id='word_1_316' title='bbox 819 2570 878 2589; x_wconf 88' lang='lat' dir='ltr'>uon</span> <span class='ocrx_word' id='word_1_317' title='bbox 896 2558 947 2589; x_wconf 73' lang='grc' dir='ltr'>Εὕ-</span> 
     </span>
     <span class='ocr_line' id='line_1_52' title="bbox 234 2598 947 2641; baseline 0.004 -13"><span class='ocrx_word' id='word_1_318' title='bbox 234 2598 314 2639; x_wconf 72' lang='grc' dir='ltr'>δωςος</span> <span class='ocrx_word' id='word_1_319' title='bbox 334 2605 394 2636; x_wconf 81' lang='lat' dir='ltr'>est,</span> <span class='ocrx_word' id='word_1_320' title='bbox 421 2601 475 2630; x_wconf 84' lang='lat' dir='ltr'>sed</span> <span class='ocrx_word' id='word_1_321' title='bbox 498 2600 645 2638; x_wconf 72' lang='grc' dir='ltr'>Εὔβουλος,</span> <span class='ocrx_word' id='word_1_322' title='bbox 667 2602 750 2641; x_wconf 83' lang='lat' dir='ltr'>apud</span> <span class='ocrx_word' id='word_1_323' title='bbox 776 2603 947 2632; x_wconf 87' lang='lat' dir='ltr'>Diodorum</span> 
     </span>
     <span class='ocr_line' id='line_1_53' title="bbox 235 2643 948 2684; baseline 0.001 -12"><span class='ocrx_word' id='word_1_324' title='bbox 235 2643 310 2673; x_wconf 85' lang='lat'><strong>545.</strong></span> <span class='ocrx_word' id='word_1_325' title='bbox 334 2649 364 2673; x_wconf 85' lang='lat' dir='ltr'>et</span> <span class='ocrx_word' id='word_1_326' title='bbox 393 2644 474 2684; x_wconf 87' lang='lat' dir='ltr'>apud</span> <span class='ocrx_word' id='word_1_327' title='bbox 503 2645 684 2683; x_wconf 89' lang='lat' dir='ltr'>Dionysium</span> <span class='ocrx_word' id='word_1_328' title='bbox 708 2649 844 2675; x_wconf 86' lang='lat' dir='ltr'>nostrum</span> <span class='ocrx_word' id='word_1_329' title='bbox 870 2645 948 2674; x_wconf 74' lang='lat' dir='ltr'>infra</span> 
     </span>
     <span class='ocr_line' id='line_1_54' title="bbox 236 2688 946 2727; baseline 0.004 -13"><span class='ocrx_word' id='word_1_330' title='bbox 236 2688 309 2720; x_wconf 86' lang='lat'>119,</span> <span class='ocrx_word' id='word_1_331' title='bbox 338 2689 388 2717; x_wconf 88' lang='grc'>12.</span> <span class='ocrx_word' id='word_1_332' title='bbox 413 2689 486 2722; x_wconf 84' lang='grc'>121,</span> <span class='ocrx_word' id='word_1_333' title='bbox 509 2690 560 2718; x_wconf 85' lang='grc'>29.</span> <span class='ocrx_word' id='word_1_334' title='bbox 589 2690 661 2724; x_wconf 79' lang='grc'>123,</span> <span class='ocrx_word' id='word_1_335' title='bbox 686 2691 739 2719; x_wconf 84' lang='grc'>12.</span> <span class='ocrx_word' id='word_1_336' title='bbox 770 2699 887 2719; x_wconf 86' lang='lat' dir='ltr'>necnon</span> <span class='ocrx_word' id='word_1_337' title='bbox 916 2699 946 2727; x_wconf 88' lang='lat' dir='ltr'>p.</span> 
     </span>
     <span class='ocr_line' id='line_1_55' title="bbox 237 2729 580 2761; baseline 0.012 -4"><span class='ocrx_word' id='word_1_338' title='bbox 237 2729 311 2757; x_wconf 83' lang='grc'>270.</span> <span class='ocrx_word' id='word_1_339' title='bbox 326 2732 375 2759; x_wconf 93' lang='grc'>11.</span> <span class='ocrx_word' id='word_1_340' title='bbox 401 2731 580 2761; x_wconf 77' lang='lat' dir='ltr'><strong>SYLBURG.</strong></span> 
     </span>
    </p>

    <p class='ocr_par' dir='ltr' id='par_1_12' title="bbox 238 2769 949 2928">
     <span class='ocr_line' id='line_1_56' title="bbox 281 2769 949 2814; baseline 0.007 -15"><span class='ocrx_word' id='word_1_341' title='bbox 281 2769 342 2811; x_wconf 83' lang='grc' dir='ltr'>ιΘ’.]</span> <span class='ocrx_word' id='word_1_342' title='bbox 359 2773 506 2803; x_wconf 81' lang='lat' dir='ltr'>Decimus</span> <span class='ocrx_word' id='word_1_343' title='bbox 533 2783 631 2804; x_wconf 87' lang='lat' dir='ltr'>nonus</span> <span class='ocrx_word' id='word_1_344' title='bbox 654 2774 815 2808; x_wconf 65' lang='grc' dir='ltr'>Πυθόδοτος</span> <span class='ocrx_word' id='word_1_345' title='bbox 842 2774 949 2814; x_wconf 84' lang='lat' dir='ltr'>appel-</span> 
     </span>
     <span class='ocr_line' id='line_1_57' title="bbox 238 2812 949 2853; baseline 0.007 -12"><span class='ocrx_word' id='word_1_346' title='bbox 238 2812 318 2842; x_wconf 85' lang='lat' dir='ltr'>latur</span> <span class='ocrx_word' id='word_1_347' title='bbox 343 2815 432 2844; x_wconf 82' lang='lat' dir='ltr'>etiam</span> <span class='ocrx_word' id='word_1_348' title='bbox 455 2815 533 2846; x_wconf 78' lang='lat' dir='ltr'>infra</span> <span class='ocrx_word' id='word_1_349' title='bbox 562 2819 637 2853; x_wconf 83' lang='grc'>121,</span> <span class='ocrx_word' id='word_1_350' title='bbox 668 2820 720 2849; x_wconf 82' lang='grc'>30.</span> <span class='ocrx_word' id='word_1_351' title='bbox 745 2823 775 2847; x_wconf 89' lang='lat' dir='ltr'>et</span> <span class='ocrx_word' id='word_1_352' title='bbox 798 2819 873 2853; x_wconf 83' lang='grc'>123,</span> <span class='ocrx_word' id='word_1_353' title='bbox 896 2820 949 2848; x_wconf 72' lang='lat'>14.</span> 
     </span>
     <span class='ocr_line' id='line_1_58' title="bbox 238 2857 949 2928; baseline 0.011 -44"><span class='ocrx_word' id='word_1_354' title='bbox 238 2857 321 2928; x_wconf 50' lang='lat' dir='ltr'>{pud</span> <span class='ocrx_word' id='word_1_355' title='bbox 353 2857 522 2888; x_wconf 87' lang='lat' dir='ltr'>Diodorum</span> <span class='ocrx_word' id='word_1_356' title='bbox 561 2870 636 2890; x_wconf 87' lang='lat' dir='ltr'>vcro</span> <span class='ocrx_word' id='word_1_357' title='bbox 672 2860 836 2900; x_wconf 61' lang='grc' dir='ltr'>Πυθόδωρος</span> <span class='ocrx_word' id='word_1_358' title='bbox 874 2862 949 2892; x_wconf 77' lang='grc'>547.</span> 
     </span>
    </p>

    <p class='ocr_par' dir='ltr' id='par_1_13' title="bbox 260 2908 346 2928">
     <span class='ocr_line' id='line_1_59' title="bbox 260 2908 346 2928; baseline 0.012 -1"><span class='ocrx_word' id='word_1_359' title='bbox 260 2908 346 2928; x_wconf 79' lang='lat' dir='ltr'><strong>DEM.</strong></span> 
     </span>
    </p>
   </div>
   <div class='ocr_carea' id='block_1_6' title="bbox 281 2940 950 2985">
    <p class='ocr_par' dir='ltr' id='par_1_14' title="bbox 281 2940 950 2985">
     <span class='ocr_line' id='line_1_60' title="bbox 281 2940 950 2985; baseline 0.007 -15"><span class='ocrx_word' id='word_1_360' title='bbox 281 2940 350 2983; x_wconf 61' lang='lat'>282]</span> <span class='ocrx_word' id='word_1_361' title='bbox 367 2941 539 2975; x_wconf 81' lang='lat' dir='ltr'>Vicesimus</span> <span class='ocrx_word' id='word_1_362' title='bbox 549 2952 675 2985; x_wconf 82' lang='lat' dir='ltr'>quartus</span> <span class='ocrx_word' id='word_1_363' title='bbox 687 2947 797 2978; x_wconf 83' lang='lat' dir='ltr'>archon</span> <span class='ocrx_word' id='word_1_364' title='bbox 811 2946 950 2978; x_wconf 82' lang='lat' dir='ltr'>Diodoro</span> 
     </span>
    </p>
   </div>
   <div class='ocr_carea' id='block_1_7' title="bbox 967 966 1697 2991">
    <p class='ocr_par' dir='ltr' id='par_1_15' title="bbox 967 966 1683 1213">
     <span class='ocr_line' id='line_1_61' title="bbox 967 966 1683 1010; baseline -0.004 -12"><span class='ocrx_word' id='word_1_365' title='bbox 967 973 1014 998; x_wconf 84' lang='lat' dir='ltr'>est</span> <span class='ocrx_word' id='word_1_366' title='bbox 1030 968 1175 1010; x_wconf 74' lang='grc' dir='ltr'>Χαρώνδας</span> <span class='ocrx_word' id='word_1_367' title='bbox 1191 970 1265 999; x_wconf 79' lang='grc'>553.</span> <span class='ocrx_word' id='word_1_368' title='bbox 1292 968 1398 998; x_wconf 80' lang='lat' dir='ltr'><strong>IDEM.</strong></span> <span class='ocrx_word' id='word_1_369' title='bbox 1441 966 1683 996; x_wconf 77' lang='lat' dir='ltr'>Rescribendum</span> 
     </span>
     <span class='ocr_line' id='line_1_62' title="bbox 969 1010 1681 1050; baseline -0.004 -9"><span class='ocrx_word' id='word_1_370' title='bbox 969 1023 1036 1042; x_wconf 86' lang='lat' dir='ltr'>esse</span> <span class='ocrx_word' id='word_1_371' title='bbox 1048 1023 1115 1041; x_wconf 93' lang='lat' dir='ltr'>cum</span> <span class='ocrx_word' id='word_1_372' title='bbox 1130 1012 1268 1041; x_wconf 82' lang='lat' dir='ltr'>Diodoro</span> <span class='ocrx_word' id='word_1_373' title='bbox 1279 1010 1561 1050; x_wconf 71' lang='grc' dir='ltr'>Χοιιςώνδοις,ἀοοιιὶί</span> <span class='ocrx_word' id='word_1_374' title='bbox 1576 1011 1681 1039; x_wconf 85' lang='lat' dir='ltr'>Meur-</span> 
     </span>
     <span class='ocr_line' id='line_1_63' title="bbox 969 1053 1680 1091; baseline -0.004 -7"><span class='ocrx_word' id='word_1_375' title='bbox 969 1056 1033 1084; x_wconf 88' lang='lat' dir='ltr'>sius</span> <span class='ocrx_word' id='word_1_376' title='bbox 1060 1056 1089 1084; x_wconf 89' lang='lat' dir='ltr'>in</span> <span class='ocrx_word' id='word_1_377' title='bbox 1113 1056 1205 1084; x_wconf 71' lang='lat' dir='ltr'>Arcli.</span> <span class='ocrx_word' id='word_1_378' title='bbox 1229 1055 1339 1084; x_wconf 79' lang='lat' dir='ltr'>Athen.</span> <span class='ocrx_word' id='word_1_379' title='bbox 1369 1057 1398 1084; x_wconf 83' lang='lat'>4.</span> <span class='ocrx_word' id='word_1_380' title='bbox 1423 1056 1453 1084; x_wconf 85' lang='lat'>9.</span> <span class='ocrx_word' id='word_1_381' title='bbox 1484 1058 1574 1091; x_wconf 85' lang='lat' dir='ltr'>atquc</span> <span class='ocrx_word' id='word_1_382' title='bbox 1599 1053 1680 1091; x_wconf 84' lang='lat' dir='ltr'>apud</span> 
     </span>
     <span class='ocr_line' id='line_1_64' title="bbox 969 1098 1680 1137; baseline -0.003 -10"><span class='ocrx_word' id='word_1_383' title='bbox 969 1098 1155 1137; x_wconf 71' lang='lat' dir='ltr'>Dionysium</span> <span class='ocrx_word' id='word_1_384' title='bbox 1182 1098 1212 1127; x_wconf 89' lang='lat' dir='ltr'>in</span> <span class='ocrx_word' id='word_1_385' title='bbox 1230 1099 1370 1127; x_wconf 80' lang='lat' dir='ltr'>Isocrate</span> <span class='ocrx_word' id='word_1_386' title='bbox 1394 1108 1424 1135; x_wconf 86' lang='lat' dir='ltr'>p.</span> <span class='ocrx_word' id='word_1_387' title='bbox 1444 1099 1517 1131; x_wconf 87' lang='grc'>150,</span> <span class='ocrx_word' id='word_1_388' title='bbox 1532 1098 1584 1126; x_wconf 81' lang='grc'>36.</span> <span class='ocrx_word' id='word_1_389' title='bbox 1608 1102 1680 1125; x_wconf 66' lang='lat' dir='ltr'>Xat-</span> 
     </span>
     <span class='ocr_line' id='line_1_65' title="bbox 967 1138 1683 1181; baseline -0.003 -12"><span class='ocrx_word' id='word_1_390' title='bbox 967 1141 1061 1181; x_wconf 69' lang='grc' dir='ltr'>ρώνδου</span> <span class='ocrx_word' id='word_1_391' title='bbox 1079 1151 1133 1180; x_wconf 85' lang='lat' dir='ltr'>pro</span> <span class='ocrx_word' id='word_1_392' title='bbox 1152 1138 1318 1179; x_wconf 55' lang='grc' dir='ltr'>Χαιρωνίδου</span> <span class='ocrx_word' id='word_1_393' title='bbox 1342 1140 1560 1178; x_wconf 77' lang='lat' dir='ltr'>reponendum.</span> <span class='ocrx_word' id='word_1_394' title='bbox 1586 1139 1683 1170; x_wconf 77' lang='lat' dir='ltr'>Hun-</span> 
     </span>
     <span class='ocr_line' id='line_1_66' title="bbox 970 1193 1044 1213; baseline -0.027 0"><span class='ocrx_word' id='word_1_395' title='bbox 970 1193 1044 1213; x_wconf 56' lang='lat' dir='ltr'>sou.</span> 
     </span>
    </p>

    <p class='ocr_par' dir='ltr' id='par_1_16' title="bbox 968 1224 1683 1350">
     <span class='ocr_line' id='line_1_67' title="bbox 1011 1224 1682 1266; baseline -0.004 -11"><span class='ocrx_word' id='word_1_396' title='bbox 1011 1225 1086 1266; x_wconf 72' lang='grc' dir='ltr'>κς·’.]</span> <span class='ocrx_word' id='word_1_397' title='bbox 1103 1225 1276 1254; x_wconf 70' lang='lat' dir='ltr'>Vicesimus</span> <span class='ocrx_word' id='word_1_398' title='bbox 1294 1230 1402 1254; x_wconf 82' lang='lat' dir='ltr'>sextus</span> <span class='ocrx_word' id='word_1_399' title='bbox 1419 1225 1544 1258; x_wconf 80' lang='lat' dir='ltr'>archon,</span> <span class='ocrx_word' id='word_1_400' title='bbox 1558 1224 1609 1263; x_wconf 86' lang='lat' dir='ltr'>qui</span> <span class='ocrx_word' id='word_1_401' title='bbox 1625 1225 1682 1253; x_wconf 82' lang='grc' dir='ltr'>Πύ-</span> 
     </span>
     <span class='ocr_line' id='line_1_68' title="bbox 969 1267 1683 1307; baseline -0.001 -9"><span class='ocrx_word' id='word_1_402' title='bbox 969 1268 1088 1307; x_wconf 76' lang='grc' dir='ltr'>Θόδημος</span> <span class='ocrx_word' id='word_1_403' title='bbox 1116 1269 1164 1297; x_wconf 78' lang='lat' dir='ltr'>liic</span> <span class='ocrx_word' id='word_1_404' title='bbox 1194 1267 1376 1304; x_wconf 79' lang='lat' dir='ltr'>nominatur,</span> <span class='ocrx_word' id='word_1_405' title='bbox 1404 1268 1484 1306; x_wconf 80' lang='lat' dir='ltr'>apud</span> <span class='ocrx_word' id='word_1_406' title='bbox 1512 1268 1683 1297; x_wconf 82' lang='lat' dir='ltr'>Diodorum</span> 
     </span>
     <span class='ocr_line' id='line_1_69' title="bbox 968 1310 1638 1350; baseline -0.004 -8"><span class='ocrx_word' id='word_1_407' title='bbox 968 1312 1082 1342; x_wconf 84' lang='lat' dir='ltr'>dicitur</span> <span class='ocrx_word' id='word_1_408' title='bbox 1098 1310 1272 1350; x_wconf 62' lang='grc' dir='ltr'>Πυθόδωρος,</span> <span class='ocrx_word' id='word_1_409' title='bbox 1293 1314 1365 1346; x_wconf 82' lang='lat'>114,</span> <span class='ocrx_word' id='word_1_410' title='bbox 1384 1314 1433 1340; x_wconf 88' lang='grc'>10.</span> <span class='ocrx_word' id='word_1_411' title='bbox 1458 1312 1638 1341; x_wconf 72' lang='lat' dir='ltr'><strong>SYLBURG.</strong></span> 
     </span>
    </p>

    <p class='ocr_par' dir='ltr' id='par_1_17' title="bbox 969 1352 1684 1610">
     <span class='ocr_line' id='line_1_70' title="bbox 1011 1352 1684 1395; baseline -0.003 -11"><span class='ocrx_word' id='word_1_412' title='bbox 1011 1356 1082 1389; x_wconf 72' lang='grc' dir='ltr'>Τοὺς</span> <span class='ocrx_word' id='word_1_413' title='bbox 1097 1354 1288 1395; x_wconf 71' lang='grc' dir='ltr'>συγγξοιφεῖς]</span> <span class='ocrx_word' id='word_1_414' title='bbox 1314 1354 1470 1384; x_wconf 80' lang='lat' dir='ltr'>Sententia</span> <span class='ocrx_word' id='word_1_415' title='bbox 1487 1354 1622 1391; x_wconf 75' lang='lat' dir='ltr'>postulat</span> <span class='ocrx_word' id='word_1_416' title='bbox 1637 1352 1684 1381; x_wconf 83' lang='grc' dir='ltr'>λό-</span> 
     </span>
     <span class='ocr_line' id='line_1_71' title="bbox 969 1396 1682 1438; baseline -0.001 -12"><span class='ocrx_word' id='word_1_417' title='bbox 969 1409 1033 1436; x_wconf 86' lang='grc' dir='ltr'>γους</span> <span class='ocrx_word' id='word_1_418' title='bbox 1045 1398 1277 1438; x_wconf 73' lang='grc' dir='ltr'>συγγράφειν(ι]ῑ</span> <span class='ocrx_word' id='word_1_419' title='bbox 1289 1409 1321 1437; x_wconf 88' lang='lat' dir='ltr'>p.</span> <span class='ocrx_word' id='word_1_420' title='bbox 1334 1400 1407 1428; x_wconf 68' lang='lat'>262².</span> <span class='ocrx_word' id='word_1_421' title='bbox 1421 1396 1491 1433; x_wconf 73' lang='lat'>18.)</span> <span class='ocrx_word' id='word_1_422' title='bbox 1506 1397 1552 1426; x_wconf 84' lang='lat' dir='ltr'>vel</span> <span class='ocrx_word' id='word_1_423' title='bbox 1566 1397 1595 1426; x_wconf 74' lang='grc' dir='ltr'>τὶ</span> <span class='ocrx_word' id='word_1_424' title='bbox 1610 1407 1682 1434; x_wconf 80' lang='grc' dir='ltr'>συγ-</span> 
     </span>
     <span class='ocr_line' id='line_1_72' title="bbox 969 1440 1684 1480; baseline -0.003 -10"><span class='ocrx_word' id='word_1_425' title='bbox 969 1443 1092 1480; x_wconf 69' lang='grc' dir='ltr'>γξάφειν.</span> <span class='ocrx_word' id='word_1_426' title='bbox 1110 1443 1214 1471; x_wconf 74' lang='lat' dir='ltr'><strong>IDEM.</strong></span> <span class='ocrx_word' id='word_1_427' title='bbox 1234 1442 1268 1470; x_wconf 88' lang='lat' dir='ltr'>In</span> <span class='ocrx_word' id='word_1_428' title='bbox 1282 1441 1417 1479; x_wconf 75' lang='lat' dir='ltr'>margine</span> <span class='ocrx_word' id='word_1_429' title='bbox 1427 1441 1546 1470; x_wconf 80' lang='lat' dir='ltr'>codicis</span> <span class='ocrx_word' id='word_1_430' title='bbox 1559 1440 1684 1469; x_wconf 83' lang='lat' dir='ltr'>Bodlei-</span> 
     </span>
     <span class='ocr_line' id='line_1_73' title="bbox 971 1482 1683 1523; baseline -0.003 -10"><span class='ocrx_word' id='word_1_431' title='bbox 971 1485 1019 1513; x_wconf 87' lang='lat' dir='ltr'>aui</span> <span class='ocrx_word' id='word_1_432' title='bbox 1043 1485 1082 1514; x_wconf 78' lang='grc' dir='ltr'>ἴσ.</span> <span class='ocrx_word' id='word_1_433' title='bbox 1100 1483 1198 1521; x_wconf 76' lang='grc' dir='ltr'>λόγους</span> <span class='ocrx_word' id='word_1_434' title='bbox 1222 1485 1407 1523; x_wconf 58' lang='grc' dir='ltr'>συγγράφειν,</span> <span class='ocrx_word' id='word_1_435' title='bbox 1430 1482 1611 1523; x_wconf 67' lang='grc' dir='ltr'>συγγξάψοιι,</span> <span class='ocrx_word' id='word_1_436' title='bbox 1634 1482 1683 1512; x_wconf 87' lang='lat' dir='ltr'>vel</span> 
     </span>
     <span class='ocr_line' id='line_1_74' title="bbox 971 1526 1684 1566; baseline -0.001 -10"><span class='ocrx_word' id='word_1_437' title='bbox 971 1528 1031 1556; x_wconf 80' lang='lat' dir='ltr'>tale</span> <span class='ocrx_word' id='word_1_438' title='bbox 1056 1529 1140 1566; x_wconf 89' lang='lat' dir='ltr'>quid.</span> <span class='ocrx_word' id='word_1_439' title='bbox 1166 1527 1327 1558; x_wconf 64' lang='lat' dir='ltr'>Huuson.</span> <span class='ocrx_word' id='word_1_440' title='bbox 1379 1528 1451 1565; x_wconf 77' lang='lat' dir='ltr'>Leg.</span> <span class='ocrx_word' id='word_1_441' title='bbox 1470 1528 1609 1556; x_wconf 80' lang='lat' dir='ltr'>videtur:</span> <span class='ocrx_word' id='word_1_442' title='bbox 1634 1526 1684 1556; x_wconf 79' lang='grc' dir='ltr'>τοῦ</span> 
     </span>
     <span class='ocr_line' id='line_1_75' title="bbox 972 1569 1469 1610; baseline 0 -11"><span class='ocrx_word' id='word_1_443' title='bbox 972 1571 1147 1610; x_wconf 58' lang='grc' dir='ltr'>συγγράφειν</span> <span class='ocrx_word' id='word_1_444' title='bbox 1163 1569 1323 1609; x_wconf 64' lang='grc' dir='ltr'>ἅςξασὲαι.</span> <span class='ocrx_word' id='word_1_445' title='bbox 1347 1571 1469 1599; x_wconf 71' lang='grc' dir='ltr'>ΒΕῙΞΚ.</span> 
     </span>
    </p>

    <p class='ocr_par' dir='ltr' id='par_1_18' title="bbox 973 1612 1686 1777">
     <span class='ocr_line' id='line_1_76' title="bbox 1016 1612 1686 1652; baseline -0.001 -10"><span class='ocrx_word' id='word_1_446' title='bbox 1016 1613 1052 1643; x_wconf 77' lang='grc' dir='ltr'>λ’.</span> <span class='ocrx_word' id='word_1_447' title='bbox 1076 1614 1262 1643; x_wconf 79' lang='lat' dir='ltr'>Tricesiinus</span> <span class='ocrx_word' id='word_1_448' title='bbox 1288 1614 1410 1648; x_wconf 78' lang='lat' dir='ltr'>archon,</span> <span class='ocrx_word' id='word_1_449' title='bbox 1433 1613 1482 1652; x_wconf 92' lang='lat' dir='ltr'>qui</span> <span class='ocrx_word' id='word_1_450' title='bbox 1498 1612 1621 1645; x_wconf 70' lang='grc' dir='ltr'>Νικῖιτοις</span> <span class='ocrx_word' id='word_1_451' title='bbox 1636 1612 1686 1641; x_wconf 81' lang='lat' dir='ltr'>hic</span> 
     </span>
     <span class='ocr_line' id='line_1_77' title="bbox 974 1655 1685 1695; baseline -0.003 -9"><span class='ocrx_word' id='word_1_452' title='bbox 974 1656 1088 1686; x_wconf 82' lang='lat' dir='ltr'>dicitur</span> <span class='ocrx_word' id='word_1_453' title='bbox 1108 1657 1244 1686; x_wconf 87' lang='lat' dir='ltr'>Diodoro</span> <span class='ocrx_word' id='word_1_454' title='bbox 1266 1662 1312 1686; x_wconf 75' lang='lat' dir='ltr'>est</span> <span class='ocrx_word' id='word_1_455' title='bbox 1329 1656 1481 1695; x_wconf 74' lang='grc' dir='ltr'>Νικήξοιτος</span> <span class='ocrx_word' id='word_1_456' title='bbox 1497 1657 1572 1686; x_wconf 80' lang='grc'>582.</span> <span class='ocrx_word' id='word_1_457' title='bbox 1596 1655 1685 1694; x_wconf 83' lang='lat' dir='ltr'>Sigo-</span> 
     </span>
     <span class='ocr_line' id='line_1_78' title="bbox 973 1700 1684 1729; baseline -0.001 -1"><span class='ocrx_word' id='word_1_458' title='bbox 973 1700 1041 1729; x_wconf 82' lang='lat' dir='ltr'>nius</span> <span class='ocrx_word' id='word_1_459' title='bbox 1067 1700 1104 1729; x_wconf 78' lang='lat' dir='ltr'>ab</span> <span class='ocrx_word' id='word_1_460' title='bbox 1136 1700 1204 1728; x_wconf 77' lang='lat' dir='ltr'>aliis</span> <span class='ocrx_word' id='word_1_461' title='bbox 1227 1700 1389 1729; x_wconf 78' lang='lat' dir='ltr'>Anicetum</span> <span class='ocrx_word' id='word_1_462' title='bbox 1414 1700 1517 1729; x_wconf 82' lang='lat' dir='ltr'>vocari</span> <span class='ocrx_word' id='word_1_463' title='bbox 1549 1703 1684 1728; x_wconf 82' lang='lat' dir='ltr'>annotat.</span> 
     </span>
     <span class='ocr_line' id='line_1_79' title="bbox 974 1744 1155 1777; baseline -0.006 -5"><span class='ocrx_word' id='word_1_464' title='bbox 974 1744 1155 1777; x_wconf 72' lang='lat' dir='ltr'><strong>SYLBURG.</strong></span> 
     </span>
    </p>

    <p class='ocr_par' dir='ltr' id='par_1_19' title="bbox 976 1784 1692 2288">
     <span class='ocr_line' id='line_1_80' title="bbox 1015 1784 1686 1826; baseline -0.003 -11"><span class='ocrx_word' id='word_1_465' title='bbox 1015 1784 1090 1826; x_wconf 84' lang='grc' dir='ltr'>λγ’.]</span> <span class='ocrx_word' id='word_1_466' title='bbox 1118 1787 1151 1815; x_wconf 83' lang='lat' dir='ltr'>In</span> <span class='ocrx_word' id='word_1_467' title='bbox 1168 1785 1318 1815; x_wconf 77' lang='lat' dir='ltr'>tricesimi</span> <span class='ocrx_word' id='word_1_468' title='bbox 1343 1785 1426 1815; x_wconf 84' lang='lat' dir='ltr'>tertii</span> <span class='ocrx_word' id='word_1_469' title='bbox 1446 1785 1566 1814; x_wconf 81' lang='lat' dir='ltr'>nomine</span> <span class='ocrx_word' id='word_1_470' title='bbox 1589 1784 1686 1814; x_wconf 86' lang='lat' dir='ltr'>ambi-</span> 
     </span>
     <span class='ocr_line' id='line_1_81' title="bbox 976 1828 1687 1868; baseline 0 -11"><span class='ocrx_word' id='word_1_471' title='bbox 976 1839 1054 1868; x_wconf 87' lang='lat' dir='ltr'>guus</span> <span class='ocrx_word' id='word_1_472' title='bbox 1070 1829 1119 1858; x_wconf 80' lang='lat' dir='ltr'>liic</span> <span class='ocrx_word' id='word_1_473' title='bbox 1140 1839 1225 1858; x_wconf 86' lang='lat' dir='ltr'>error</span> <span class='ocrx_word' id='word_1_474' title='bbox 1249 1833 1306 1858; x_wconf 85' lang='lat' dir='ltr'>est.</span> <span class='ocrx_word' id='word_1_475' title='bbox 1331 1828 1445 1868; x_wconf 83' lang='lat' dir='ltr'>putarit</span> <span class='ocrx_word' id='word_1_476' title='bbox 1470 1829 1550 1858; x_wconf 83' lang='lat' dir='ltr'>enim</span> <span class='ocrx_word' id='word_1_477' title='bbox 1575 1828 1687 1867; x_wconf 85' lang='lat' dir='ltr'>aliquis</span> 
     </span>
     <span class='ocr_line' id='line_1_82' title="bbox 976 1872 1688 1909; baseline -0.003 -8"><span class='ocrx_word' id='word_1_478' title='bbox 976 1882 1081 1901; x_wconf 84' lang='lat' dir='ltr'>verum</span> <span class='ocrx_word' id='word_1_479' title='bbox 1101 1882 1208 1900; x_wconf 85' lang='lat' dir='ltr'>nomen</span> <span class='ocrx_word' id='word_1_480' title='bbox 1227 1881 1295 1901; x_wconf 77' lang='lat' dir='ltr'>esse</span> <span class='ocrx_word' id='word_1_481' title='bbox 1311 1874 1471 1909; x_wconf 76' lang='grc' dir='ltr'>Κτησιφῶν.</span> <span class='ocrx_word' id='word_1_482' title='bbox 1486 1872 1540 1901; x_wconf 87' lang='lat' dir='ltr'>sed</span> <span class='ocrx_word' id='word_1_483' title='bbox 1557 1881 1614 1900; x_wconf 91' lang='lat' dir='ltr'>non</span> <span class='ocrx_word' id='word_1_484' title='bbox 1632 1872 1688 1900; x_wconf 90' lang='lat' dir='ltr'>du-</span> 
     </span>
     <span class='ocr_line' id='line_1_83' title="bbox 976 1914 1689 1953; baseline -0.001 -10"><span class='ocrx_word' id='word_1_485' title='bbox 976 1915 1041 1944; x_wconf 90' lang='lat' dir='ltr'>bito</span> <span class='ocrx_word' id='word_1_486' title='bbox 1073 1916 1146 1953; x_wconf 86' lang='lat' dir='ltr'>quin</span> <span class='ocrx_word' id='word_1_487' title='bbox 1173 1914 1274 1943; x_wconf 78' lang='lat' dir='ltr'>verius</span> <span class='ocrx_word' id='word_1_488' title='bbox 1305 1924 1412 1944; x_wconf 81' lang='lat' dir='ltr'>nomen</span> <span class='ocrx_word' id='word_1_489' title='bbox 1439 1914 1477 1943; x_wconf 88' lang='lat' dir='ltr'>sit</span> <span class='ocrx_word' id='word_1_490' title='bbox 1509 1915 1689 1953; x_wconf 70' lang='grc' dir='ltr'>Κηφισοφῶν,</span> 
     </span>
     <span class='ocr_line' id='line_1_84' title="bbox 977 1957 1689 1996; baseline 0.001 -11"><span class='ocrx_word' id='word_1_491' title='bbox 977 1958 1057 1996; x_wconf 85' lang='lat' dir='ltr'>apud</span> <span class='ocrx_word' id='word_1_492' title='bbox 1088 1957 1254 1986; x_wconf 86' lang='lat' dir='ltr'>Diodorum</span> <span class='ocrx_word' id='word_1_493' title='bbox 1276 1959 1349 1986; x_wconf 74' lang='lat'>501.</span> <span class='ocrx_word' id='word_1_494' title='bbox 1395 1957 1485 1996; x_wconf 87' lang='lat' dir='ltr'>Apud</span> <span class='ocrx_word' id='word_1_495' title='bbox 1505 1957 1689 1986; x_wconf 76' lang='lat' dir='ltr'>Demosthe-</span> 
     </span>
     <span class='ocr_line' id='line_1_85' title="bbox 977 1999 1690 2038; baseline 0 -10"><span class='ocrx_word' id='word_1_496' title='bbox 977 2010 1044 2029; x_wconf 85' lang='lat' dir='ltr'>nem</span> <span class='ocrx_word' id='word_1_497' title='bbox 1061 2010 1182 2038; x_wconf 85' lang='lat' dir='ltr'>quoque</span> <span class='ocrx_word' id='word_1_498' title='bbox 1199 2000 1229 2028; x_wconf 89' lang='lat' dir='ltr'>in</span> <span class='ocrx_word' id='word_1_499' title='bbox 1246 2010 1290 2029; x_wconf 89' lang='lat' dir='ltr'>or.</span> <span class='ocrx_word' id='word_1_500' title='bbox 1310 2009 1366 2038; x_wconf 87' lang='lat' dir='ltr'>pro</span> <span class='ocrx_word' id='word_1_501' title='bbox 1382 2010 1504 2035; x_wconf 86' lang='lat' dir='ltr'>corona,</span> <span class='ocrx_word' id='word_1_502' title='bbox 1518 2000 1547 2029; x_wconf 88' lang='lat' dir='ltr'>in</span> <span class='ocrx_word' id='word_1_503' title='bbox 1565 1999 1690 2038; x_wconf 84' lang='lat' dir='ltr'>psephi-</span> 
     </span>
     <span class='ocr_line' id='line_1_86' title="bbox 979 2042 1690 2082; baseline 0 -11"><span class='ocrx_word' id='word_1_504' title='bbox 979 2047 1074 2071; x_wconf 81' lang='lat' dir='ltr'>smate</span> <span class='ocrx_word' id='word_1_505' title='bbox 1092 2052 1152 2081; x_wconf 92' lang='lat' dir='ltr'>quo</span> <span class='ocrx_word' id='word_1_506' title='bbox 1169 2043 1282 2080; x_wconf 79' lang='lat' dir='ltr'>legatio</span> <span class='ocrx_word' id='word_1_507' title='bbox 1299 2043 1336 2071; x_wconf 85' lang='lat' dir='ltr'>ad</span> <span class='ocrx_word' id='word_1_508' title='bbox 1354 2042 1534 2082; x_wconf 75' lang='lat' dir='ltr'>Philippum</span> <span class='ocrx_word' id='word_1_509' title='bbox 1551 2042 1690 2071; x_wconf 87' lang='lat' dir='ltr'>decerni-</span> 
     </span>
     <span class='ocr_line' id='line_1_87' title="bbox 979 2085 1691 2121; baseline 0 -6"><span class='ocrx_word' id='word_1_510' title='bbox 979 2091 1039 2121; x_wconf 86' lang='lat' dir='ltr'>tur,</span> <span class='ocrx_word' id='word_1_511' title='bbox 1056 2086 1162 2114; x_wconf 85' lang='lat' dir='ltr'>eadem</span> <span class='ocrx_word' id='word_1_512' title='bbox 1184 2086 1248 2114; x_wconf 77' lang='lat' dir='ltr'>liaec</span> <span class='ocrx_word' id='word_1_513' title='bbox 1270 2085 1435 2115; x_wconf 82' lang='lat' dir='ltr'>diversitas</span> <span class='ocrx_word' id='word_1_514' title='bbox 1461 2086 1605 2115; x_wconf 85' lang='lat' dir='ltr'>occurrit.</span> <span class='ocrx_word' id='word_1_515' title='bbox 1622 2096 1691 2115; x_wconf 80' lang='lat' dir='ltr'>uam</span> 
     </span>
     <span class='ocr_line' id='line_1_88' title="bbox 978 2128 1691 2167; baseline 0.001 -10"><span class='ocrx_word' id='word_1_516' title='bbox 978 2129 1009 2158; x_wconf 90' lang='lat' dir='ltr'>in</span> <span class='ocrx_word' id='word_1_517' title='bbox 1023 2128 1190 2167; x_wconf 83' lang='lat' dir='ltr'>legatorum</span> <span class='ocrx_word' id='word_1_518' title='bbox 1206 2129 1346 2166; x_wconf 80' lang='lat' dir='ltr'>catalogo</span> <span class='ocrx_word' id='word_1_519' title='bbox 1360 2129 1484 2166; x_wconf 87' lang='lat' dir='ltr'>quidam</span> <span class='ocrx_word' id='word_1_520' title='bbox 1497 2129 1622 2158; x_wconf 83' lang='lat' dir='ltr'>codices</span> <span class='ocrx_word' id='word_1_521' title='bbox 1639 2129 1691 2158; x_wconf 78' lang='lat' dir='ltr'>lia-</span> 
     </span>
     <span class='ocr_line' id='line_1_89' title="bbox 979 2171 1692 2211; baseline 0 -11"><span class='ocrx_word' id='word_1_522' title='bbox 979 2172 1052 2201; x_wconf 78' lang='lat' dir='ltr'>bent</span> <span class='ocrx_word' id='word_1_523' title='bbox 1067 2173 1207 2210; x_wconf 72' lang='grc' dir='ltr'>Κησιφῶν,</span> <span class='ocrx_word' id='word_1_524' title='bbox 1220 2171 1271 2200; x_wconf 87' lang='lat' dir='ltr'>alii</span> <span class='ocrx_word' id='word_1_525' title='bbox 1288 2174 1465 2211; x_wconf 74' lang='grc' dir='ltr'>Κηφισοφῶν.</span> <span class='ocrx_word' id='word_1_526' title='bbox 1482 2171 1589 2202; x_wconf 82' lang='lat' dir='ltr'><strong>IDEM.</strong></span> <span class='ocrx_word' id='word_1_527' title='bbox 1605 2171 1692 2201; x_wconf 83' lang='lat' dir='ltr'>Huic</span> 
     </span>
     <span class='ocr_line' id='line_1_90' title="bbox 979 2214 1691 2246; baseline 0.003 -3"><span class='ocrx_word' id='word_1_528' title='bbox 979 2214 1131 2244; x_wconf 81' lang='lat' dir='ltr'>consentit</span> <span class='ocrx_word' id='word_1_529' title='bbox 1148 2215 1303 2244; x_wconf 85' lang='lat' dir='ltr'>Meursius</span> <span class='ocrx_word' id='word_1_530' title='bbox 1315 2215 1354 2244; x_wconf 84' lang='lat' dir='ltr'>de</span> <span class='ocrx_word' id='word_1_531' title='bbox 1367 2215 1461 2244; x_wconf 86' lang='lat' dir='ltr'>Arch.</span> <span class='ocrx_word' id='word_1_532' title='bbox 1473 2216 1582 2246; x_wconf 86' lang='lat' dir='ltr'>Athen.</span> <span class='ocrx_word' id='word_1_533' title='bbox 1597 2217 1628 2245; x_wconf 88' lang='grc'>4.</span> <span class='ocrx_word' id='word_1_534' title='bbox 1639 2217 1691 2246; x_wconf 83' lang='lat'>13.</span> 
     </span>
     <span class='ocr_line' id='line_1_91' title="bbox 980 2258 1146 2288; baseline -0.006 0"><span class='ocrx_word' id='word_1_535' title='bbox 980 2258 1146 2288; x_wconf 68' lang='lat' dir='ltr'>Hunsou.</span> 
     </span>
    </p>

    <p class='ocr_par' dir='ltr' id='par_1_20' title="bbox 980 2296 1694 2417">
     <span class='ocr_line' id='line_1_92' title="bbox 1023 2296 1692 2342; baseline 0.001 -12"><span class='ocrx_word' id='word_1_536' title='bbox 1023 2296 1092 2340; x_wconf 49' lang='grc' dir='ltr'>λδᾜ]</span> <span class='ocrx_word' id='word_1_537' title='bbox 1119 2300 1255 2339; x_wconf 81' lang='lat' dir='ltr'>Scaliger</span> <span class='ocrx_word' id='word_1_538' title='bbox 1272 2300 1300 2329; x_wconf 90' lang='lat' dir='ltr'>iu</span> <span class='ocrx_word' id='word_1_539' title='bbox 1320 2298 1484 2342; x_wconf 68' lang='grc' dir='ltr'>Ἀναγςοιφῇ</span> <span class='ocrx_word' id='word_1_540' title='bbox 1502 2303 1557 2331; x_wconf 74' lang='grc' dir='ltr'>τῶν</span> <span class='ocrx_word' id='word_1_541' title='bbox 1579 2299 1692 2340; x_wconf 86' lang='grc' dir='ltr'>Ὀλυμ.-</span> 
     </span>
     <span class='ocr_line' id='line_1_93' title="bbox 980 2342 1694 2384; baseline -0.001 -9"><span class='ocrx_word' id='word_1_542' title='bbox 980 2343 1096 2380; x_wconf 78' lang='grc' dir='ltr'>πιάδων,</span> <span class='ocrx_word' id='word_1_543' title='bbox 1122 2344 1190 2377; x_wconf 75' lang='grc' dir='ltr'>ἴσως</span> <span class='ocrx_word' id='word_1_544' title='bbox 1214 2342 1407 2384; x_wconf 56' lang='grc' dir='ltr'>Εὐθυκράτης.</span> <span class='ocrx_word' id='word_1_545' title='bbox 1432 2344 1534 2374; x_wconf 83' lang='lat' dir='ltr'>nescio</span> <span class='ocrx_word' id='word_1_546' title='bbox 1559 2354 1619 2384; x_wconf 90' lang='lat' dir='ltr'>quo</span> <span class='ocrx_word' id='word_1_547' title='bbox 1639 2355 1694 2374; x_wconf 91' lang='lat' dir='ltr'>au-</span> 
     </span>
     <span class='ocr_line' id='line_1_94' title="bbox 981 2388 1207 2417; baseline 0 -1"><span class='ocrx_word' id='word_1_548' title='bbox 981 2392 1075 2417; x_wconf 82' lang='lat' dir='ltr'>ctore.</span> <span class='ocrx_word' id='word_1_549' title='bbox 1100 2388 1207 2417; x_wconf 75' lang='lat' dir='ltr'><strong>IDEM.</strong></span> 
     </span>
    </p>

    <p class='ocr_par' dir='ltr' id='par_1_21' title="bbox 981 2428 1695 2546">
     <span class='ocr_line' id='line_1_95' title="bbox 1024 2428 1695 2471; baseline 0 -11"><span class='ocrx_word' id='word_1_550' title='bbox 1024 2429 1091 2471; x_wconf 86' lang='grc' dir='ltr'>λε’.]</span> <span class='ocrx_word' id='word_1_551' title='bbox 1107 2429 1294 2459; x_wconf 79' lang='lat' dir='ltr'>Tricesimus</span> <span class='ocrx_word' id='word_1_552' title='bbox 1305 2428 1595 2469; x_wconf 61' lang='lat' dir='ltr'>quintus,‘Hy²&#39;afaa&gt;v,</span> <span class='ocrx_word' id='word_1_553' title='bbox 1611 2430 1695 2469; x_wconf 82' lang='lat' dir='ltr'>apud</span> 
     </span>
     <span class='ocr_line' id='line_1_96' title="bbox 981 2473 1693 2512; baseline -0.001 -9"><span class='ocrx_word' id='word_1_554' title='bbox 981 2474 1139 2512; x_wconf 83' lang='lat' dir='ltr'>Sigonium</span> <span class='ocrx_word' id='word_1_555' title='bbox 1172 2473 1377 2508; x_wconf 84' lang='lat' dir='ltr'>desideratur,</span> <span class='ocrx_word' id='word_1_556' title='bbox 1411 2474 1578 2512; x_wconf 87' lang='lat' dir='ltr'>itidemque</span> <span class='ocrx_word' id='word_1_557' title='bbox 1611 2473 1693 2512; x_wconf 87' lang='lat' dir='ltr'>apud</span> 
     </span>
     <span class='ocr_line' id='line_1_97' title="bbox 982 2516 1455 2546; baseline 0.002 -1"><span class='ocrx_word' id='word_1_558' title='bbox 982 2516 1154 2546; x_wconf 89' lang='lat' dir='ltr'>Diodorum</span> <span class='ocrx_word' id='word_1_559' title='bbox 1172 2517 1246 2545; x_wconf 86' lang='lat'><strong>606.</strong></span> <span class='ocrx_word' id='word_1_560' title='bbox 1271 2516 1455 2546; x_wconf 73' lang='lat' dir='ltr'><strong>SYLBURG.</strong></span> 
     </span>
    </p>

    <p class='ocr_par' dir='ltr' id='par_1_22' title="bbox 982 2558 1695 2684">
     <span class='ocr_line' id='line_1_98' title="bbox 1025 2558 1694 2598; baseline 0.001 -11"><span class='ocrx_word' id='word_1_561' title='bbox 1025 2558 1101 2598; x_wconf 81' lang='grc' dir='ltr'>λς-’.]</span> <span class='ocrx_word' id='word_1_562' title='bbox 1125 2558 1316 2588; x_wconf 84' lang='lat' dir='ltr'>Tricesimus</span> <span class='ocrx_word' id='word_1_563' title='bbox 1333 2563 1454 2595; x_wconf 85' lang='lat' dir='ltr'>sextus,</span> <span class='ocrx_word' id='word_1_564' title='bbox 1475 2559 1590 2589; x_wconf 87' lang='lat' dir='ltr'>rectius</span> <span class='ocrx_word' id='word_1_565' title='bbox 1613 2559 1694 2598; x_wconf 82' lang='lat' dir='ltr'>apud</span> 
     </span>
     <span class='ocr_line' id='line_1_99' title="bbox 984 2601 1695 2643; baseline -0.003 -11"><span class='ocrx_word' id='word_1_566' title='bbox 984 2602 1154 2632; x_wconf 89' lang='lat' dir='ltr'>Diodorum</span> <span class='ocrx_word' id='word_1_567' title='bbox 1171 2604 1245 2632; x_wconf 84' lang='lat'><strong>608.</strong></span> <span class='ocrx_word' id='word_1_568' title='bbox 1265 2602 1440 2632; x_wconf 85' lang='lat' dir='ltr'>nominatur</span> <span class='ocrx_word' id='word_1_569' title='bbox 1455 2601 1581 2643; x_wconf 71' lang='grc' dir='ltr'>Χςὲμης,</span> <span class='ocrx_word' id='word_1_570' title='bbox 1597 2603 1695 2642; x_wconf 86' lang='lat' dir='ltr'>prima</span> 
     </span>
     <span class='ocr_line' id='line_1_100' title="bbox 982 2645 1364 2684; baseline 0.003 -10"><span class='ocrx_word' id='word_1_571' title='bbox 982 2645 1073 2675; x_wconf 86' lang='lat' dir='ltr'>litera</span> <span class='ocrx_word' id='word_1_572' title='bbox 1088 2645 1232 2684; x_wconf 79' lang='lat' dir='ltr'>aspirata.</span> <span class='ocrx_word' id='word_1_573' title='bbox 1256 2645 1364 2675; x_wconf 77' lang='lat' dir='ltr'><strong>IDEM.</strong></span> 
     </span>
    </p>

    <p class='ocr_par' dir='ltr' id='par_1_23' title="bbox 984 2686 1697 2991">
     <span class='ocr_line' id='line_1_101' title="bbox 1026 2686 1696 2729; baseline -0.001 -12"><span class='ocrx_word' id='word_1_574' title='bbox 1026 2686 1099 2729; x_wconf 68' lang='grc' dir='ltr'>λζ’.]</span> <span class='ocrx_word' id='word_1_575' title='bbox 1125 2689 1202 2718; x_wconf 85' lang='lat' dir='ltr'>Post</span> <span class='ocrx_word' id='word_1_576' title='bbox 1220 2687 1407 2718; x_wconf 76' lang='lat' dir='ltr'>tricesimum</span> <span class='ocrx_word' id='word_1_577' title='bbox 1435 2688 1612 2728; x_wconf 85' lang='lat' dir='ltr'>septimum,</span> <span class='ocrx_word' id='word_1_578' title='bbox 1633 2688 1696 2717; x_wconf 90' lang='lat' dir='ltr'>An-</span> 
     </span>
     <span class='ocr_line' id='line_1_102' title="bbox 984 2731 1696 2767; baseline -0.003 -7"><span class='ocrx_word' id='word_1_579' title='bbox 984 2731 1086 2761; x_wconf 87' lang='lat' dir='ltr'>ticlem</span> <span class='ocrx_word' id='word_1_580' title='bbox 1101 2731 1234 2767; x_wconf 86' lang='lat' dir='ltr'>scilicet,</span> <span class='ocrx_word' id='word_1_581' title='bbox 1247 2732 1307 2761; x_wconf 92' lang='lat' dir='ltr'>duo</span> <span class='ocrx_word' id='word_1_582' title='bbox 1318 2732 1500 2762; x_wconf 80' lang='lat' dir='ltr'>suntomissi</span> <span class='ocrx_word' id='word_1_583' title='bbox 1514 2731 1696 2764; x_wconf 83' lang='lat' dir='ltr'>Archontes,</span> 
     </span>
     <span class='ocr_line' id='line_1_103' title="bbox 984 2773 1697 2814; baseline -0.004 -10"><span class='ocrx_word' id='word_1_584' title='bbox 984 2776 1133 2808; x_wconf 69' lang='grc' dir='ltr'>Σωσικλῆς</span> <span class='ocrx_word' id='word_1_585' title='bbox 1151 2780 1181 2804; x_wconf 82' lang='lat' dir='ltr'>et</span> <span class='ocrx_word' id='word_1_586' title='bbox 1200 2773 1351 2813; x_wconf 74' lang='grc' dir='ltr'>Ἀγησίας,</span> <span class='ocrx_word' id='word_1_587' title='bbox 1368 2779 1402 2804; x_wconf 87' lang='lat' dir='ltr'>ut</span> <span class='ocrx_word' id='word_1_588' title='bbox 1422 2784 1606 2814; x_wconf 84' lang='lat' dir='ltr'>cognoscere</span> <span class='ocrx_word' id='word_1_589' title='bbox 1621 2773 1697 2801; x_wconf 84' lang='lat' dir='ltr'>licet</span> 
     </span>
     <span class='ocr_line' id='line_1_104' title="bbox 985 2815 1696 2855; baseline -0.006 -8"><span class='ocrx_word' id='word_1_590' title='bbox 985 2828 1022 2847; x_wconf 85' lang='lat' dir='ltr'>ex</span> <span class='ocrx_word' id='word_1_591' title='bbox 1044 2818 1194 2853; x_wconf 83' lang='lat' dir='ltr'>Diodoro,</span> <span class='ocrx_word' id='word_1_592' title='bbox 1211 2820 1286 2848; x_wconf 89' lang='grc'>622.</span> <span class='ocrx_word' id='word_1_593' title='bbox 1310 2818 1455 2847; x_wconf 77' lang='lat' dir='ltr'>Vicissim</span> <span class='ocrx_word' id='word_1_594' title='bbox 1473 2817 1555 2855; x_wconf 86' lang='lat' dir='ltr'>apud</span> <span class='ocrx_word' id='word_1_595' title='bbox 1581 2815 1696 2844; x_wconf 89' lang='lat' dir='ltr'>Diodo-</span> 
     </span>
     <span class='ocr_line' id='line_1_105' title="bbox 985 2858 1697 2900; baseline -0.006 -10"><span class='ocrx_word' id='word_1_596' title='bbox 985 2871 1050 2890; x_wconf 86' lang='lat' dir='ltr'>rum</span> <span class='ocrx_word' id='word_1_597' title='bbox 1076 2867 1105 2890; x_wconf 82' lang='lat' dir='ltr'>et</span> <span class='ocrx_word' id='word_1_598' title='bbox 1125 2861 1285 2900; x_wconf 90' lang='lat' dir='ltr'>Sigonium</span> <span class='ocrx_word' id='word_1_599' title='bbox 1311 2861 1421 2890; x_wconf 77' lang='lat' dir='ltr'>desunt</span> <span class='ocrx_word' id='word_1_600' title='bbox 1443 2858 1697 2898; x_wconf 82' lang='lat' dir='ltr'>quadragesimus</span> 
     </span>
     <span class='ocr_line' id='line_1_106' title="bbox 985 2900 1696 2944; baseline -0.006 -11"><span class='ocrx_word' id='word_1_601' title='bbox 985 2904 1104 2943; x_wconf 85' lang='lat' dir='ltr'>primus</span> <span class='ocrx_word' id='word_1_602' title='bbox 1127 2909 1159 2933; x_wconf 89' lang='lat' dir='ltr'>et</span> <span class='ocrx_word' id='word_1_603' title='bbox 1186 2904 1351 2938; x_wconf 82' lang='lat' dir='ltr'>secundus,</span> <span class='ocrx_word' id='word_1_604' title='bbox 1368 2901 1536 2944; x_wconf 74' lang='grc' dir='ltr'>Ἀξχιππος</span> <span class='ocrx_word' id='word_1_605' title='bbox 1557 2907 1585 2931; x_wconf 85' lang='lat' dir='ltr'>et</span> <span class='ocrx_word' id='word_1_606' title='bbox 1615 2900 1696 2930; x_wconf 74' lang='grc' dir='ltr'>Νέαι-</span> 
     </span>
     <span class='ocr_line' id='line_1_107' title="bbox 984 2947 1215 2991; baseline 0 -15"><span class='ocrx_word' id='word_1_607' title='bbox 984 2958 1075 2988; x_wconf 79' lang='grc' dir='ltr'>χμος.</span> <span class='ocrx_word' id='word_1_608' title='bbox 1099 2947 1215 2991; x_wconf 37' lang='lat' dir='ltr'><strong>IDEM.</strong></span> 
     </span>
    </p>
   </div>
  </div>
 </body>
</html>
