1981 3255
679 173 1071 216 SUMMARIUM.
1508 177 1585 218 381

217 290 419 329 Exordium
447 286 642 327 Orationis
666 289 715 335 (c.
736 288 869 333 1—5.)
886 286 1021 336 incipit
1046 299 1068 324 a
1094 287 1316 335 precatione
1342 290 1529 336 deorum‚⁵
1550 294 1591 327 ut

166 357 357 390 certamen
383 351 501 388 hocce
523 348 684 386 salutare
711 348 759 385 sit
786 348 1041 398 Reipublicae.
1096 347 1195 385 Tum
1219 349 1353 387 transit
1376 350 1517 388 Orator
1542 350 1591 387 ad

168 412 474 463 deprecationem
496 409 665 453 invidiae;
695 423 779 447 cum
807 410 905 447 enim
933 409 1056 447 omnis
1075 409 1269 447 accusatio
1288 410 1419 448 odiosa
1447 412 1508 458 sit,
1527 412 1593 449 im-

166 473 293 522 primis
314 471 481 509 studiose
501 477 659 508 exornat
678 471 922 509 sententiam:
953 475 1252 508 “accusatorem
1274 484 1348 508 non
1370 472 1493 509 minus
1512 486 1593 510 mu-

165 533 372 570 nimentum
391 545 474 569 esse
495 533 542 569 R.
559 533 601 569 P.
623 545 735 582 quam
755 533 857 583 leges
876 539 914 569 et
929 531 1105 581 judices:
1137 545 1267 581 quare,
1290 545 1378 569 cum
1398 534 1595 583 cognovis-

164 600 232 638 set,
254 595 478 632 Leocratem
499 594 728 632 desertorem
748 607 830 632 esse
848 594 982 644 patriae
1002 600 1040 631 et
1057 595 1176 643 poenis
1196 594 1400 631 obnoxium
1421 594 1595 643 gravissi-

163 655 245 700 mis,
273 668 312 692 se
338 656 416 693 sine
442 656 496 693 ira
523 662 562 694 et
588 656 716 694 studio
744 656 893 706 privato
919 656 1127 694 instituisse
1154 669 1305 694 causam
1331 655 1541 705 publicam,
1567 656 1597 693 si

162 716 315 767 quidem
340 715 453 765 hujus
475 717 544 754 viri
572 718 695 756 scelus
722 731 798 755 non
823 731 934 755 unam
956 719 1000 755 R.
1022 718 1063 756 P.
1084 724 1244 768 partem,
1265 718 1332 755 sed
1353 723 1471 755 totam
1494 730 1598 755 com-

164 778 369 828 plectatur,
391 785 427 816 et
453 785 656 830 propterea
681 780 869 818 universae
892 780 1107 830 posteritati
1132 781 1170 818 in
1193 794 1239 818 eo
1259 781 1454 831 puniendo
1473 793 1600 819 exem-

165 840 271 888 plum
306 842 470 890 proponi
500 842 652 879 debeat.
709 843 836 886 Quum
865 855 953 879 vero
983 843 1077 879 tanti
1107 842 1261 880 sceleris
1294 856 1406 892 poena
1436 842 1602 893 legitima

168 902 334 939 nondum
367 903 416 941 sit
448 905 671 950 constituta,
705 911 742 942 et
770 911 977 941 extremum
1006 904 1234 953 supplicium
1267 904 1383 942 levius
1419 904 1603 949 videatur,

167 974 283 1010 quam
305 964 501 1001 Leocratis
528 965 690 1010 facinus,
718 965 943 1003 adhortatur
963 965 1132 1014 judices,
1153 972 1195 1002 ut
1223 977 1332 1003 novae
1356 966 1450 1016 legis
1470 966 1606 1003 condi-

169 1030 271 1061 tores
308 1024 402 1062 fiant
435 1026 660 1063 sententiam
694 1040 798 1064 suam
833 1026 1145 1077 pronunciaturi:
1187 1027 1217 1063 si
1250 1027 1347 1064 enim
1383 1028 1607 1065 Leocratem

169 1085 516 1131 condemnaverint,
533 1100 610 1123 non
631 1087 749 1124 solum
771 1088 832 1125 hic
847 1088 955 1136 justa
976 1088 1137 1125 affectus
1157 1087 1269 1125 fuerit
1286 1101 1409 1137 poena,
1426 1088 1491 1125 sed
1510 1101 1606 1138 quo-

168 1157 242 1194 qne
263 1146 398 1195 reliqui
419 1147 520 1183 cives
540 1153 577 1183 et
599 1149 739 1196 posteri
762 1148 809 1185 ad
832 1149 1012 1198 pietatem
1035 1162 1125 1198 erga
1144 1149 1304 1198 patriam
1326 1157 1607 1188 revocarentur.

169 1205 252 1242 Fiat
270 1206 386 1255 igitur
401 1208 598 1244 accusatio
613 1207 736 1256 justa,
755 1215 791 1245 et
806 1209 994 1256 judicium
1012 1210 1173 1258 justum.
1228 1212 1272 1247 ln
1294 1213 1539 1248 accusatione
1556 1212 1609 1249 nil

167 1273 274 1302 extra
294 1279 461 1316 praesens
483 1268 676 1316 negotium
698 1268 861 1314 dicatur,
881 1276 921 1305 ut
941 1270 1049 1306 multi
1070 1269 1195 1306 facere
1212 1271 1351 1314 solent;
1382 1272 1456 1308 imo
1477 1285 1607 1310 omnes

167 1327 305 1364 imitari
323 1328 491 1366 debeant
509 1330 752 1379 Areopagum
772 1329 807 1366 in
825 1342 902 1378 quo
922 1336 1060 1367 cuncta
1078 1329 1200 1378 juste,
1222 1337 1262 1368 ut
1279 1344 1408 1369 omnes
1427 1332 1607 1381 fatentur,

167 1380 392 1438 pertractari
429 1389 730 1428 solent.”—Nec
769 1390 933 1427 obscura
969 1391 1174 1428 manebunt
1207 1392 1384 1440 judicum
1417 1393 1608 1443 suffragia,

168 1463 288 1500 quum
322 1452 524 1489 Leocrates
558 1452 686 1489 multis
714 1458 752 1489 et
777 1451 921 1501 ubique
949 1452 1027 1489 fere
1064 1458 1178 1490 notus
1205 1459 1276 1491 est.
1332 1454 1425 1502 Ejus
1452 1469 1607 1494 causam

168 1524 393 1562 poenamque
415 1519 496 1550 tota
515 1513 724 1550 intuebitur
742 1514 923 1561 Graecia3
955 1521 1238 1564 proptereaque
1260 1521 1366 1552 tanto
1387 1517 1537 1564 gravius
1557 1518 1607 1556 de

167 1571 241 1610 isto
261 1574 517 1612 statuendum.
574 1575 763 1612 Benevole
784 1582 910 1612 autem
931 1575 1154 1612 Orationem
1170 1575 1327 1624 judices
1345 1578 1517 1624 audiant,
1537 1592 1607 1617 nec

169 1636 333 1685 graviter
348 1636 483 1681 serant,
505 1636 536 1674 si
556 1638 812 1675 calamitatum
833 1637 986 1675 istarum
1004 1637 1222 1676 memoriam
1235 1651 1415 1677 renovare
1437 1640 1508 1678 hac
1524 1641 1608 1691 ipsa

169 1710 289 1734 causa·
302 1705 461 1748 cogatur
481 1699 634 1736 Orator.

223 1759 416 1808 Narratio,
435 1773 548 1809 quam
565 1760 791 1798 testimoniis
807 1761 979 1799 immistis
999 1761 1201 1800 confirmat
1217 1762 1268 1813 (c.
1282 1762 1457 1812 6—13.),
1473 1763 1510 1800 in
1530 1770 1606 1802 tres

169 1819 335 1869 singulas
355 1820 476 1857 divisa
496 1827 555 1858 est
574 1827 716 1871 partes,
737 1835 896 1872 quarum

222 1886 258 1920 1.
289 1882 461 1927 Enarrat‚
489 1882 712 1920 Leocratem
740 1890 826 1932 post
853 1884 1057 1933 Hyperidis
1085 1884 1293 1930 decretum,
1321 1898 1399 1935 quo
1421 1885 1466 1923 sit
1488 1892 1606 1924 statu-

171 1948 264 1988 tum,
285 1950 326 1980 ut
348 1943 455 1992 pueri
477 1943 725 1993 mulieresque
748 1957 793 1981 ex
813 1945 912 1993 agris
934 1946 1030 1982 intra
1052 1958 1195 1982 murum
1218 1946 1472 1992 adducantur,
1489 1948 1607 1986 duces

171 2017 260 2040 vero
293 2004 471 2053 praesidia
501 2004 722 2053 disponant,
755 2018 962 2056 omnesque
988 2006 1152 2043 ducibus
1181 2014 1340 2056 pareant
1367 2007 1481 2054 cives,
1509 2009 1605 2047 clam

172 2072 288 2103 noctu
311 2079 376 2115 per
401 2079 558 2115 parvam
582 2072 728 2115 portam
750 2066 873 2103 medio
894 2067 930 2104 in
954 2067 1065 2105 litore
1087 2081 1295 2117 egressum,
1316 2081 1460 2118 suaque
1480 2070 1607 2108 omnia

169 2126 255 2164 navi
292 2127 529 2176 imposuisse,
573 2127 833 2176 Rhodumque
880 2127 1085 2178 aufugisse,
1127 2129 1192 2166 ubi
1230 2129 1365 2166 famam
1414 2131 1606 2180 sparserit,

171 2188 341 2225 Athenas
369 2194 500 2238 captas
520 2201 602 2225 esse
627 2189 675 2225 ab
697 2188 882 2235 hostibus,
909 2189 1091 2226 Piraeeum
1120 2203 1209 2226 vero
1237 2192 1469 2239 oppugnari,
1493 2205 1607 2241 seque

171 2262 286 2287 unum
324 2249 486 2286 feliciter
523 2250 700 2288 evasisse.
756 2250 846 2293 Quo
885 2250 1024 2287 nuncio
1056 2250 1215 2288 adducti
1247 2259 1353 2289 erant
1388 2252 1527 2289 Nautae
1564 2266 1609 2291 ac

172 2311 423 2356 Mercatores,
445 2311 511 2361 qui
536 2311 626 2348 inde
650 2311 823 2349 Athenas
848 2311 1027 2362 navigare
1048 2312 1199 2359 vellent,
1223 2312 1456 2351 frumentum
1484 2315 1610 2352 Rhodi

170 2385 374 2423 exponere.
711 2377 715 2381 ⁴

223 2434 357 2471 Testes
387 2439 573 2485 provocat
592 2433 734 2472 vicinos
760 2434 942 2479 accusati,
966 2447 1123 2484 eosque,
1144 2434 1209 2484 qui
1237 2441 1327 2473 tunc
1356 2436 1483 2474 Rhodi
1507 2437 1609 2474 vixe-

170 2501 270 2541 rant,
302 2502 383 2533 tum
417 2496 593 2547 Phyrcini
626 2495 830 2544 cujusdam
860 2497 1014 2533 invocat
1047 2496 1322 2535 testimonium.
1378 2498 1438 2535 Ibi
1471 2500 1611 2544 statim,

171 2560 219 2600 ὡς
248 2558 288 2595 ἐν
318 2557 474 2609 παρόδῳ,
502 2565 714 2607 praemonet
743 2557 790 2594 de
827 2559 982 2594 testium
1020 2557 1132 2595 solita
1166 2558 1487 2606 tergiversatione,
1526 2573 1611 2610 quae

171 2617 310 2656 frustra
322 2617 403 2664 fiat,
420 2619 449 2655 si
465 2617 622 2667 judices
643 2617 741 2655 serio
765 2619 974 2668 postulent,
991 2625 1033 2656 ut
1052 2619 1112 2655 isti
1132 2618 1389 2664 adscendant;
1419 2620 1474 2657 sin
1496 2620 1534 2657 id
1555 2621 1612 2657 ni-

172 2677 375 2716 hilominus
397 2685 586 2723 recusent,
609 2678 645 2716 in
661 2679 726 2728 jus
746 2692 786 2716 se
805 2684 1044 2723 vocaturum,
1065 2685 1175 2717 actor
1193 2679 1366 2718 affirmat.
1386 2684 1434 2729 (c.
1451 2681 1506 2728 7.)

225 2743 262 2776 2.
300 2741 382 2778 Jam
421 2740 540 2778 altera
575 2740 817 2779 Narrationis
854 2747 963 2791 parte
1005 2742 1162 2780 evincit:
1204 2742 1442 2788 Leocratem‚
1480 2743 1609 2780 relicta

174 2799 326 2847 Rhod0‚
342 2801 500 2851 Megara
519 2814 560 2839 se
580 2802 799 2848 contulisse,
821 2801 887 2839 ubi
907 2802 1068 2852 amplius
1089 2803 1354 2853 quinquennio
1375 2802 1522 2847 vixerit,
1545 2814 1610 2850 pa-

215 2907 228 2925 ⁵
245 2909 355 2938 Praeter
399 2910 572 2950 Lycurgum
618 2911 708 2941 modo
761 2913 873 2942 Demo·
907 2911 1015 2951 incipit
1031 2922 1048 2941 a
1063 2912 1204 2951 precibus
1218 2913 1353 2946 deorum,
1371 2922 1415 2940 so.
1433 2909 1608 2940 Orationem

175 2950 306 2989 sthenes,
323 2956 353 2980 et
370 2951 418 2981 hic
443 2954 534 2983 semel
558 2958 682 2989 tantum,
697 2954 872 2985 Orationem
908 2954 946 2984 de
962 2955 1092 2985 Corona.
