1981 3255
611 165 694 206 AD
728 163 942 206 PAGUM
974 163 1294 205 TRIOPIUM.
1591 162 1671 204 579

936 360 970 401 I.

231 458 483 501 Veneranda
503 458 766 500 Athenarum
790 473 960 514 praeses,
984 457 1182 499 Minerva
1202 457 1407 508 Tritonia,

232 523 289 564 Et
310 538 406 580 quae
427 537 557 577 opera
575 523 799 565 hominum
818 524 1050 578 inspectas,
1073 522 1360 564 Rhamnusias
1383 522 1484 576 Opi,

561 607 574 624 ³
596 604 681 644 ὄξάεις
697 605 731 635 C.
748 603 839 638 ἔλίιεις
853 605 900 634 vel
918 605 993 638 λάεις
1008 605 1055 634 vel
1071 604 1135 638 λάϊς
1149 605 1181 635 S.
1194 604 1284 638 ἐλάεις
1299 606 1334 634 Β.

228 676 309 705 runt,
330 671 376 700 vel
397 671 425 702 ei
447 672 625 709 adjunxere,
642 671 753 710 lingum
775 672 863 709 genio
883 682 932 701 re-

228 720 390 752 pugnante.
409 714 473 744 vid.
487 714 594 744 Valck.
610 715 645 743 ad
664 714 804 753 Euripid.
823 715 931 744 Phoen.

226 766 260 794 p.
277 759 351 786 216.
375 758 479 786 Reisk.
503 758 540 786 ad
564 758 758 787 Demosthe-n.
781 758 819 786 T.
835 758 883 786 ΙΙ.
901 768 931 796 p.

228 802 300 830 911.
345 800 475 829 Omnino
499 811 565 829 cum
596 801 763 839 Lennepio,
794 800 930 829 Praelect.

227 843 372 872 Academ.
388 843 426 872 de
444 843 570 881 Analog.
585 843 620 872 L.
633 844 673 872 G.
688 853 721 880 p.
734 844 786 873 35.
804 843 930 872 creden-

227 885 309 920 dum,
322 885 663 924 hancdiplithongorum
678 891 709 915 El
723 891 753 915 et
770 892 793 915 H
810 896 930 924 permu-

226 927 368 958 tationem
399 928 584 958 tribuendam
615 938 682 958 esse
710 928 929 966 antiquissimae

225 970 380 1000 scribendi
403 971 512 1000 rationi
529 972 715 1007 Graecorum,
731 971 782 1009 qui
804 971 891 1001 litera
906 977 928 1000 H

225 1014 354 1042 nondum
373 1014 401 1042 in
418 1014 623 1054 Alpbabetum
641 1020 773 1052 recepta,
787 1024 843 1052 pro
860 1020 882 1043 H
899 1020 929 1043 et

224 1061 261 1084 Ht
287 1057 457 1094 posuissent
483 1063 523 1086 EI.
547 1058 606 1086 cnf.
631 1058 741 1087 Valck.
766 1056 868 1095 Epist.
890 1057 927 1085 ad

229 1098 325 1128 Roev.
349 1110 378 1135 p.
399 1101 452 1129 31.
499 1100 548 1129 Sic
569 1101 648 1138 apud
677 1101 768 1129 Dion.
791 1099 927 1128 Cassium

220 1140 292 1178 Lib.
308 1141 470 1171 XXXIX.
482 1152 513 1181 p.
527 1145 599 1172 108.
614 1143 746 1180 legitur:
772 1141 815 1171 ἔτι
828 1142 867 1177 εἷς
878 1145 927 1173 τήν

222 1180 346 1213 Ἰταλίαν
368 1185 582 1224 ἀπειρηκώς.
610 1186 659 1214 ubi
682 1186 847 1224 ἀπειρηκὼς,
871 1196 926 1224 pro

220 1225 424 1267 ἆπῃςηκῶς,
446 1228 524 1256 male
548 1228 712 1257 intromisit
735 1228 926 1257 librariorum

222 1273 340 1308 stupor.
358 1269 494 1308 Hesych.
510 1268 647 1309 Ἀπαίξει.
665 1269 756 1299 ὁδεύει.
773 1270 926 1309 ἀποδημεῖ.

219 1311 369 1352 ἀναχωρεῖ.
388 1311 454 1342 vid.
470 1312 547 1341 Reiz
570 1313 636 1342 Ind.
654 1313 778 1342 Lucian.
797 1314 833 1342 Τ.
850 1314 877 1341 I.
892 1323 925 1351 p.

221 1356 273 1384 83.
318 1354 478 1385 Contrario
500 1355 591 1384 modo
608 1363 631 1384 A
648 1365 703 1393 pro
719 1361 751 1384 El
767 1356 879 1394 legitur
894 1356 923 1384 in

219 1395 401 1436 Fragmenta
415 1408 452 1427 ex
470 1398 628 1436 Euripidis
644 1398 752 1437 AEgeo.
770 1397 821 1428 Fr.
834 1397 922 1427 Mus-

220 1449 306 1478 grav.
317 1450 345 1468 n.
358 1441 426 1469 111.

262 1497 292 1527 Εἶ
305 1497 348 1537 ’μὴ
363 1498 486 1540 καθὲξῃς
500 1501 647 1536 γλῶσσαν,
662 1498 726 1528 ’ἐστι
744 1509 787 1527 σοι
802 1499 890 1528 κακά.

222 1565 350 1595 Scribe:

259 1624 291 1654 Εἰ
305 1626 347 1663 μὴ
361 1622 526 1662 καθέξεις
541 1625 688 1662 γλῶσσαν,
698 1623 763 1653 ἔστι
779 1634 823 1652 σοι
837 1623 922 1652 κακά.

219 1691 249 1720 Εἰ
277 1691 356 1721 enim
387 1691 416 1721 in
447 1691 559 1722 Atticis
589 1691 689 1730 poetis
713 1701 834 1729 semper
855 1702 921 1720 cum

217 1733 384 1763 indicativo
409 1735 555 1770 occurrit,
582 1744 732 1773 nunqnam
757 1745 825 1764 cum
850 1735 922 1763 sub-

213 1778 364 1815 junctivo.
375 1777 437 1806 vid.
448 1777 586 1815 AEschyl.
600 1777 752 1806 Prometh.
764 1779 838 1808 343.
848 1779 920 1808 345.

218 1821 291 1850 686.
336 1820 633 1859 Euripid.Androm.
649 1822 722 1850 ⁶206.
757 1820 919 1849 Herc.fur.

218 1865 312 1893 1120.
340 1863 415 1892 Cum
425 1863 563 1902 optativo
573 1863 725 1898 invenitur
741 1862 770 1892 in
783 1863 919 1900 AEschyl.

217 1906 369 1937 Prometli.
390 1907 463 1935 477.
517 1905 658 1943 Enripid.
675 1905 806 1944 Hippnl.
826 1907 919 1935 1240.

217 1948 490 1978 Herc-fur.1110.
535 1947 801 1978 Electr.97.402‘2.
847 1948 918 1977 Pari

216 1991 309 2020 modo
319 1991 531 2029 corrigendum
542 1989 753 2029 Fragmentum
766 1990 917 2020 Philemo-

218 2033 276 2068 nis,
313 2033 393 2072 quod
423 2032 529 2071 effugit
552 2032 741 2072 diligentiam
773 2033 918 2070 Bentleii,

218 2075 385 2105 Emend.in
399 2075 562 2105 Menandr.
580 2086 610 2114 p.
629 2077 701 2106 12⁶2.

257 2116 375 2158 Ὀρίιςις]
410 2119 530 2148 Desunt
549 2118 604 2147 hac
629 2128 703 2148 voce
729 2118 798 2147 duae
812 2117 918 2157 primae

216 2161 324 2196 literae,
347 2171 510 2199 omnesque
529 2161 560 2190 in
582 2161 638 2190 fine
659 2161 798 2200 leger'unt
813 2163 914 2190 AA1C.

212 2204 287 2234 'vide
318 2204 390 2234 Var.
415 2205 501 2233 Leot.
545 2203 683 2233 Visconti
712 2214 785 2232 vero
816 2203 917 2243 lapide

215 2247 386 2277 accuratius
408 2246 555 2285 inspecto,
573 2251 722 2276 vetustate
745 2246 808 2276 fere
830 2246 916 2277 dete-

216 2294 262 2319 tas
279 2289 397 2319 invenit
411 2289 515 2319 literas
538 2292 634 2319 AAIC.
685 2289 818 2319 Parvula
838 2289 915 2319 enim

214 2332 337 2368 lineola,
361 2331 562 2362 distinctionis
587 2342 677 2362 causa
699 2332 809 2370 posita,
829 2342 916 2361 erasa

214 2380 273 2404 est.
298 2382 334 2410 A,
363 2375 393 2404 in
422 2379 523 2404 nostra
559 2375 764 2413 Inscriptioue
803 2375 916 2414 saepius

215 2418 280 2448 sine
305 2418 415 2447 lineola
436 2417 578 2447 occurrit.
623 2417 684 2452 Sic,
710 2429 739 2448 v.
764 2419 795 2446 7.
818 2423 849 2447 et
864 2420 916 2447 22.

213 2460 352 2491 invenies
369 2467 430 2490 ΚΑΙ
445 2471 500 2499 pro
522 2465 595 2489 ΚΑΙ.
611 2465 641 2489 et
656 2461 710 2490 lin.
727 2463 757 2490 9.
775 2466 914 2496 ΛΛΩΗΝ,

213 2513 270 2542 pro
291 2509 430 2534 ΑΛΩΗΝ.
454 2504 549 2532 Porro
565 2502 617 2532 tin.
641 2505 839 2533 Q7.13AAE1N
860 2513 915 2542 pro

215 2551 355 2576 BAAEIN.
412 2547 571 2576 lnnumera
600 2546 630 2574 in
659 2545 915 2585 Inscriptionibus

215 2590 358 2629 exempla
389 2594 519 2625 exstant,
548 2588 705 2628 praecipue
735 2589 764 2618 in
798 2589 915 2618 Tabula

213 2631 320 2660 Iliaca.
348 2631 410 2661 vid.
430 2633 553 2661 Guasco
576 2632 733 2669 Inscriptt.
758 2630 838 2661 Mus.
856 2631 913 2661 Ca-

213 2673 303 2713 pitol.
321 2674 358 2703 Τ.
373 2675 403 2703 Ι.
417 2685 447 2704 n.
463 2676 557 2705 1296.
599 2675 710 2704 Gsuter
725 2674 868 2703 Thesaur.
886 2684 915 2703 n.

214 2717 288 2747 634.
301 2719 330 2745 1.
373 2717 411 2746 In
421 2717 586 2755 Epitaphio
598 2718 730 2756 pessime
747 2717 915 2756 descripto,

214 2759 297 2797 apud
317 2759 400 2788 Paul.
417 2760 528 2788 Lucam
548 2759 656 2790 Itiner.
671 2759 800 2794 Asiatic,
815 2770 846 2798 p.
863 2762 914 2789 28.

213 2801 354 2830 invenies
366 2807 533 2832 ΚΛΛΥΔΙΑ
543 2812 599 2840 pro
608 2808 785 2833 ΚΛΑὙΔΙΑ.
823 2803 913 2841 Apud

216 2844 403 2883 Caylusium‚
415 2843 545 2874 Recueil
561 2845 616 2874 des
632 2845 816 2884 Antiquites,
827 2847 914 2874 Tom.

216 2885 266 2916 ΙΙ.
286 2886 337 2915 Pl.
353 2886 442 2916 LIX.
457 2887 510 2916 lin.
532 2889 561 2916 2.
575 2887 685 2925 tegitur
707 2894 914 2923 ΛιΓιΚοΡΕιΣ,

217 2938 274 2968 pro
290 2934 495 2959 ΑιΠΚοΡΕιΣ.
516 2929 598 2959 lbid.
614 2930 663 2960 ΡΙ.
680 2931 796 2961 LXIV.
814 2931 868 2960 lin.
884 2933 916 2961 3.

219 2977 421 3007 ᾼΔΡιΑΝΕιΑ,
455 2982 509 3011 pro
545 2978 747 3004 ΑΔΡΙΑΝΕΙΑ.
813 2973 917 3004 Multa·

966 681 1086 709 qnoque
1115 672 1257 711 exempla
1282 671 1422 711 praehent
1450 670 1668 708 Inscriptiones

968 713 1184 744 Pockokianae.
1230 714 1265 744 In
1289 714 1429 744 Numinis
1447 714 1536 743 valde
1557 714 1668 743 attritis

967 757 1072 786 vitium
1100 757 1156 792 hoc
1177 757 1319 792 inveniri,
1342 762 1445 786 monet
1470 755 1607 786 visconti
1631 757 1667 785 ad

965 799 994 828 h.
1006 800 1027 828 l.
1051 799 1103 829 Sic
1118 800 1147 829 in
1164 801 1296 830 Nummo
1312 800 1475 835 Tralliano,
1490 799 1569 837 apud
1587 799 1668 828 Ode-

964 843 1059 872 ricum
1074 842 1276 873 Dissertat.1.
1289 848 1540 872 ΤΡΛΛΛΙΛΝΩΝ.
1586 842 1667 871 Prae-

964 885 1055 924 cipue
1066 886 1172 915 veroin
1183 885 1425 916 Numismatibus
1436 887 1667 923 Imperatorum.

964 928 1025 957 vid.
1038 928 1231 964 Buonarotti,
1245 928 1433 968 Medaglioni
1445 927 1522 957 XII.
1535 930 1565 958 3.
1576 927 1666 956 XIV.

964 973 994 1000 8.
1041 971 1173 1001 Protulit
1194 982 1314 1011 quoque
1339 983 1354 1001 e
1381 971 1506 1010 gemmis
1528 970 1669 1009 exempla

958 1013 1113 1046 visconti.
1164 1016 1200 1044 In
1227 1014 1402 1047 Codocibns
1432 1013 1527 1043 MSS.
1561 1013 1666 1042 vitium

963 1057 1018 1086 lioc
1032 1057 1183 1086 scribendi
1197 1057 1372 1087 observavit
1386 1057 1505 1086 Brunk.
1517 1056 1553 1085 ad
1572 1055 1666 1094 Apol-

961 1099 1021 1128 lon.
1039 1099 1141 1129 Rhod.
1161 1100 1230 1130 Lib.
1248 1101 1292 1130 ΙΙ.
1314 1102 1406 1130 1260.
1454 1098 1613 1128 D'Orville
1628 1098 1666 1127 ad

961 1143 1074 1172 Charit.
1109 1153 1140 1181 p.
1173 1146 1245 1173 242.
1274 1143 1323 1172 ed.
1356 1143 1439 1181 Lips.
1468 1141 1605 1180 Heringa
1634 1140 1666 1170 in

961 1185 1177 1215 Observation.
1204 1185 1312 1227 Critic.
1340 1196 1406 1224 cap.
1433 1187 1465 1214 7.
1488 1195 1559 1223 pag.
1590 1186 1665 1214 145.

959 1228 1127 1258 Schneider
1150 1229 1185 1258 ad
1210 1229 1334 1258 Anthol.
1358 1239 1428 1267 pag.
1445 1230 1518 1257 110.
1540 1227 1663 1261 Ruhnk,

960 1271 1093 1308 Epistol.
1117 1271 1223 1301 Critic.
1249 1272 1273 1300 1.
1297 1281 1363 1310 pag.
1390 1273 1441 1301 88.
1492 1270 1664 1299 Graecorum

958 1313 1126 1344 imitatione
1144 1324 1225 1352 saepe
1241 1313 1382 1343 lineolam
1398 1322 1519 1352 parvam
1532 1312 1560 1342 in
1577 1312 1666 1342 litera

958 1357 997 1390 A,
1021 1356 1151 1386 omisere
1174 1356 1310 1385 Etrusci.
1335 1356 1398 1385 vid.
1421 1355 1461 1384 V.
1480 1355 1527 1384 cl.
1552 1355 1660 1390 Lami,

957 1398 1071 1436 Saggio
1096 1399 1127 1428 di
1150 1398 1238 1438 Ling.
1261 1399 1384 1427 Etrusc.
1400 1398 1436 1427 T.
1459 1399 1486 1427 l.
1502 1407 1571 1436 pag.
1591 1400 1663 1429 208.

958 1441 1246 1478 Eckhel.,Doetrin.
1257 1442 1414 1471 Nummor.
1422 1441 1460 1470 T.
1470 1441 1498 1471 I.
1507 1450 1576 1478 pag.
1590 1443 1664 1475 124,

960 1484 1087 1512 Romani
1116 1494 1252 1523 quoque,
1280 1485 1318 1513 de
1351 1493 1476 1522 quorum
1510 1483 1663 1512 scribendi

957 1526 1102 1555 methodo
1142 1526 1259 1564 copiosi
1302 1532 1370 1555 suut
1406 1525 1468 1555 Viri
1503 1525 1588 1555 docti
1623 1526 1662 1555 ad

956 1567 1096 1598 Lucerne
1123 1569 1154 1597 di
1182 1569 1333 1598 Ercolano
1356 1569 1408 1608 (T.
1438 1567 1554 1607 VIII.)
1586 1568 1662 1598 Tab.

958 1610 1143 1641 XXXVII.
1163 1614 1214 1641 10.
1234 1615 1264 1640 et
1278 1610 1405 1645 Marini,
1426 1610 1580 1649 Inscripti.
1602 1611 1660 1640 sra-

957 1657 1035 1682 trum
1052 1654 1158 1683 Arval.
1175 1655 1210 1683 Τ.
1224 1655 1252 1683 Ι.
1265 1664 1332 1692 pag.
1349 1656 1419 1684 1⁶27.
1436 1653 1529 1689 Quin,
1546 1659 1568 1681 A
1584 1662 1658 1682 non-

956 1706 1106 1735 nunquam
1133 1707 1189 1735 pro
1215 1703 1240 1725 A
1266 1697 1388 1733 legitur.
1439 1697 1528 1724 Certe
1554 1695 1582 1724 in
1609 1697 1659 1725 In-

956 1739 1121 1777 scriptione
1135 1739 1256 1777 antiqua
1271 1739 1382 1774 Sicula,
1398 1738 1528 1777 primum
1545 1737 1626 1767 edita
1642 1749 1659 1767 a

956 1781 1001 1811 St.
1031 1783 1113 1818 Non,
1140 1782 1266 1820 Voyage
1296 1792 1332 1811 en
1363 1781 1470 1815 Sicile,
1505 1791 1575 1819 pag.
1604 1783 1656 1811 12.

955 1824 1088 1854 occurrit
1109 1830 1229 1858 KEATt,
1253 1834 1309 1863 pro
1336 1829 1480 1853 ΚΕΛΗΤΙ.
1502 1829 1657 1859 Timum,

955 1877 1010 1904 pro
1030 1873 1186 1901 TEAEIOt,
1212 1871 1243 1896 et
1265 1877 1294 1905 p.
1320 1868 1391 1896 171.
1413 1871 1581 1902 HPAKAE1‚
1606 1876 1657 1906 pro

954 1915 1117 1939 ΗΡΑΚΛΕΙ.
1163 1910 1319 1939 Servanda
1337 1909 1408 1938 ideo
1424 1909 1454 1937 in
1480 1913 1583 1938 nostra
1605 1910 1656 1938 In-

955 1952 1120 1991 scriptione
1143 1953 1233 1982 lectio
1254 1952 1343 1991 ὃράᾳς,
1359 1963 1376 1981 a
1391 1960 1448 1990 qua
1469 1962 1526 1980 non
1551 1952 1655 1990 procul

954 1995 1048 2024 abfuit
1065 1996 1272 2029 Camubonus,
1293 1995 1345 2033 qui
1368 1994 1452 2034 ὁξάεις
1473 2004 1513 2023 ex
1533 1993 1656 2032 ingenio

953 2038 1138 2073 emendavit,
1166 2048 1253 2076 quam
1283 2036 1521 2067 emendationem
1547 2037 1656 2074 probat.

953 2080 1082 2110 Valken.
1096 2081 1132 2110 ad
1146 2081 1281 2119 Elegiam
1294 2080 1405 2109 Catulli
1422 2079 1654 2110 Callimacheam

953 2134 1023 2162 pag.
1045 2125 1117 2154 183.
1140 2123 1276 2152 Salmasii
1297 2123 1470 2161 conjectura
1491 2122 1578 2156 λᾶεις,
1597 2122 1655 2152 etsi

951 2176 1060 2205 magna
1099 2166 1268 2196 eruditione
1305 2166 1439 2200 defensa,
1473 2164 1561 2194 nihili
1598 2170 1654 2195 est.

951 2209 1084 2254 Verbum
1101 2210 1179 2238 enim
1195 2207 1292 2248 ἔφορᾷν
1313 2208 1424 2247 optime
1439 2206 1564 2238 Nemesi
1581 2218 1654 2237 con-

951 2252 1045 2287 venit,
1056 2252 1179 2291 inspicit
1188 2252 1265 2281 enim
1279 2261 1371 2290 opera
1382 2251 1563 2285 mortalium,
1572 2251 1654 2280 unde

949 2293 1021 2325 δεινοὶ
1030 2295 1112 2324 dicta
1124 2296 1160 2324 ab
1174 2295 1368 2325 Archestrato
1383 2293 1462 2332 apud
1476 2294 1653 2323 Athenaeum

949 2336 1020 2368 Lib.
1032 2338 1109 2367 VII.
1124 2348 1156 2376 p.
1172 2339 1244 2368 305.
1262 2338 1426 2375 Homerus,
1441 2337 1480 2365 de
1495 2335 1565 2365 Sole
1588 2347 1652 2366 om-

949 2380 998 2409 nia
1020 2380 1154 2415 vidente,
1174 2380 1301 2409 verbum
1323 2379 1476 2414 adhibuit,
1500 2378 1591 2408 Iliad.
1614 2378 1653 2416 γ’.

950 2424 1023 2453 2277.
1035 2422 1156 2452 omnino
1171 2423 1319 2461 significat
1332 2422 1496 2462 inspicere.
1541 2421 1651 2460 Diphi-

949 2466 996 2495 lus
1007 2466 1088 2505 apud
1106 2466 1297 2495 Plutarchum
1312 2466 1380 2495 adv.
1397 2465 1547 2499 Colotem‚
1559 2465 1650 2494 Τ,ΙΙ.

949 2510 1030 2548 Opp.
1045 2519 1114 2548 pag.
1133 2510 1226 2539 11024.
1243 2507 1274 2538 F.

986 2566 1084 2596 Ἐστιν
1100 2565 1182 2602 Δίκης
1196 2566 1363 2606 ὀφθαλμὸς,
1378 2566 1406 2600 ’ὃς
1420 2568 1460 2596 τὰ
1476 2563 1564 2596 πάνθ’
1580 2563 1650 2604 ὁρςῖ.

951 2625 1114 2664 Euripides
1138 2625 1169 2654 in
1199 2625 1356 2664 Penelope
1387 2625 1464 2663 apud
1496 2623 1646 2652 Stobaeum

948 2669 1017 2698 Ecl.
1030 2669 1125 2708 Phys.
1139 2668 1204 2698 Tit.
1221 2669 1283 2698 xl.
1298 2679 1370 2708 pag.
1391 2669 1460 2697 143.
1477 2667 1562 2695 Grot.

990 2727 1050 2756 Οὐιι
1064 2725 1142 2756 ἔστιν
1158 2726 1337 2766 πράττοντάς
1350 2736 1379 2754 τι
1393 2722 1530 2764 μοχθηρὸν
1543 2721 1645 2751 λαθεῖν.

989 2768 1058 2808 'ogia
1072 2768 1175 2802 Βλέπει
1189 2771 1242 2810 γὰρ
1256 2769 1267 2798 ὁ
1281 2768 1384 2811 χρόνος,
1396 2766 1422 2800 ὃς
1436 2769 1475 2796 τὰ
1489 2764 1569 2795 πάνθ’
1580 2764 1647 2804 ὁξξῐ.

949 2828 1088 2858 Incertus
1103 2835 1191 2868 poeta
1207 2829 1285 2867 apud
1303 2828 1455 2857 stobaeum
1473 2825 1537 2855 Ect.
1551 2824 1646 2862 Phys.

947 2872 1010 2902 Tit.
1025 2872 1099 2901 VII.
1115 2883 1186 2912 pag.
1207 2875 1275 2901 111.

989 2929 1023 2960 ‘0
1035 2932 1085 2964 τῆς
1098 2930 1181 2964 Δίκης
1196 2928 1348 2968 ὀφθαλμὸς
1361 2928 1395 2960 ὡς
1410 2925 1443 2955 δι’
1458 2925 1564 2966 ἡσύχου

991 2973 1115 3004 λεύει-ων
1124 2973 1272 3012 προσώπου
1287 2967 1374 2999 πάνθ’
1389 2971 1465 3008 ὁμῶς
1477 2968 1517 2998 ἀεὶ
1533 2966 1647 3001 βλέπει.
