1981 3255
311 201 392 242 364
715 199 1029 241 PRAEFATIO
1060 199 1313 242 TAYLORI

311 308 412 351 dam,
425 318 535 356 quem
551 305 640 343 olim
655 314 787 344 nactus
804 314 881 344 erat
898 308 1208 351 obtrectatorem,
1224 305 1504 344 criminationes
1518 303 1602 352 ejus
1614 301 1726 340 facile

310 367 435 411 diluit,
452 367 682 416 domumque
703 380 828 404 rursus
849 369 998 405 delatus
1017 369 1178 406 animam
1197 367 1414 417 exspiravit.
1471 365 1565 402 Eum
1585 363 1726 401 exitum

310 429 442 466 habuit
472 429 678 478 Lycurgus,
697 442 858 479 eamque
880 430 1008 466 mortis
1038 430 1292 467 conditionem
1311 428 1368 465 vel
1397 426 1549 476 optimis
1570 425 1728 474 quibus-

311 502 385 538 que
401 489 653 528 invidendam.
692 490 905 527 Videbatur
921 490 1021 526 enim
1033 503 1078 527 ex
1090 490 1204 527 domo
1219 503 1286 527 sua
1298 489 1356 526 vel
1371 486 1727 535 civitatemigrasse‚

309 555 423 599 atque
441 551 477 587 in
498 549 607 587 aliam
629 552 795 588 unanimi
816 552 953 588 civium
975 551 1122 600 plausu,
1143 558 1180 588 et
1202 550 1347 587 solenni
1368 549 1515 586 virtutis
1535 559 1726 586 commen-

311 609 465 647 datione
482 611 633 660 publice
654 611 827 660 produci.
884 611 1021 660 Neque
1042 612 1116 648 hoc
1137 611 1255 648 solum
1271 610 1319 647 de
1339 623 1377 647 se
1395 609 1514 646 voluit
1533 607 1614 645 fieri
1635 614 1727 650 tum,

311 682 398 708 cum
420 683 639 707 excessurus
667 677 760 715 erat,
791 670 855 707 sed
884 684 950 720 per
969 677 1090 708 totum
1115 671 1201 708 vitae
1226 669 1454 708 curriculum
1487 673 1730 706 monumenta

311 743 435 768 rerum
455 743 476 767 a
511 744 548 767 se
581 730 937 775 administratarum,
965 732 1111 768 tabulas
1142 730 1362 779 quaestionis
1391 728 1638 778 quotidianae,
1661 726 1728 764 ‹le-

311 791 426 828 scribi
446 797 482 828 et
503 792 538 827 in
556 791 642 828 loco
663 790 817 839 publico
834 792 971 840 exponi
991 792 1170 829 curavit.¹

365 851 496 887 Elatus
515 858 593 887 erat
615 851 769 900 publica
789 864 941 900 pompa,
962 859 1049 888 tota
1063 852 1229 897 civitate,
1250 858 1290 888 ut
1311 863 1390 888 mos
1409 855 1489 886 erat
1509 849 1668 887 Athenis
1693 851 1729 887 in

310 910 442 948 funere
457 910 689 960 optimorum
710 912 887 955 virorum,
909 911 1123 949 lecticulam
1143 911 1362 948 comitante.
1418 910 1597 958 Sepultus
1617 909 1732 946 etiam

311 970 532 1014 honorifice,
552 970 589 1007 in
617 971 861 1015 Academia,²
880 972 946 1021 qui
965 972 1070 1009 locus
1098 971 1199 1009 urbis
1227 983 1358 1008 eorum
1385 975 1628 1006 monumenta
1645 981 1735 1006 con-

310 1031 469 1076 tiuebat,
496 1031 563 1080 qui
595 1032 757 1080 patriam
787 1038 853 1069 aut
885 1032 1051 1070 consiliis
1072 1038 1263 1077 rexerunt,
1282 1037 1347 1068 aut
1367 1037 1549 1068 ornarunt
1575 1030 1732 1076 artibus,

310 1097 374 1128 aut
393 1091 644 1129 defenderunt
664 1093 815 1129 virtute.
871 1093 920 1130 Et
937 1099 1025 1143 post
1045 1106 1188 1143 paucos
1206 1105 1325 1130 annos
1345 1092 1380 1129 in
1405 1090 1616 1137 Ceramico,
1636 1090 1734 1128 inter

310 1152 491 1202 imagines
520 1152 853 1191 illustrissimorum
876 1154 1052 1199 virorum,
1074 1160 1198 1192 statua
1217 1154 1251 1190 ei
1276 1166 1322 1190 ex
1342 1165 1416 1189 aere
1438 1151 1554 1196 faeta,
1572 1149 1732 1188 consilio

308 1214 483 1264 publico,
502 1215 737 1263 ponebatur;
753 1215 768 1237 3
796 1215 854 1252 cui
876 1228 962 1252 mox
983 1216 1113 1253 eadem
1135 1215 1212 1252 fere
1233 1220 1326 1251 aetas
1346 1222 1460 1262 atque
1483 1212 1581 1249 idem
1602 1210 1733 1260 populi

312 1275 478 1313 studium
499 1275 675 1324 adjunxit
695 1290 848 1328 quoque
871 1277 1179 1314 Demosthenem.

359 1337 415 1374 Eo
446 1338 609 1384 sublato,
637 1340 911 1376 recruduerunt
940 1338 1227 1384 Menesaechmi,
1259 1336 1460 1375 adversarii
1486 1335 1581 1385 ejus,
1609 1334 1731 1372 inimi-

308 1398 423 1444 cstiae,
443 1405 482 1437 et
509 1400 671 1450 Lycurgi
698 1402 988 1438 liberosvexare
1015 1406 1224 1451 coeperunt.
1283 1400 1337 1436 Eo
1365 1405 1534 1448 tempore
1559 1396 1732 1434 exsilium

309 1461 386 1510 egit
408 1459 702 1499 Demosthenes.
769 1462 898 1499 Nihilo
918 1468 1042 1499 tamen
1064 1462 1197 1505 secius,
1231 1473 1340 1498 suum
1362 1460 1451 1496 licet
1477 1459 1640 1496 reditum
1665 1458 1735 1494 im-

311 1521 533 1569 pensissime
547 1529 715 1570 cuperet,
728 1530 790 1572 atq
799 1536 844 1559 ue
857 1523 903 1559 ad
921 1536 999 1558 eam
1016 1535 1091 1558 rem
1105 1520 1379 1558 conficiendam
1394 1520 1494 1556 omni
1509 1519 1626 1568 gratia
1639 1530 1737 1568 opus

309 1586 404 1625 erat,
420 1593 459 1617 se
480 1593 660 1629 suamque
682 1595 831 1619 causam
860 1583 1080 1632 posthabuit
1102 1581 1293 1627 amicitiae,
1308 1581 1568 1631 populumque
1593 1579 1736 1626 literis,⁴

311 1653 398 1690 quae
413 1641 616 1678 etiamnum
631 1649 780 1679 exstare
793 1643 984 1686 dicuntur,
998 1643 1194 1680 admonuit
1209 1642 1344 1679 officii:
1367 1642 1443 1679 Eos
1459 1641 1598 1690 injuste
1610 1653 1738 1690 agere,

312 1700 343 1737 si
365 1694 650 1747 beneficiorum,
666 1704 801 1753 quibus
816 1717 835 1741 a
858 1705 1030 1754 Lycurgo
1049 1717 1086 1740 re
1106 1706 1188 1753 ipsa
1205 1709 1439 1746 ornarentur,
1454 1709 1530 1740 tam
1552 1702 1628 1740 cito
1641 1701 1740 1738 obli.

312 1761 404 1798 visci
417 1769 586 1811 possent,
603 1775 725 1800 rerum
743 1771 883 1808 autem,
903 1777 998 1813 quas
1014 1764 1107 1800 male
1128 1764 1287 1812 gessisse
1304 1763 1598 1806 insimularetur,
1615 1774 1740 1811 neque

314 1828 438 1858 tamen
454 1822 580 1871 gessit,
600 1836 877 1873 earumpoenas
897 1831 972 1861 tam
992 1824 1102 1861 avide
1128 1837 1149 1860 a
1183 1824 1310 1860 liberis
1333 1828 1587 1872 reposcerent.
1645 1822 1738 1859 Pro-

313 1882 402 1919 inde
417 1882 600 1928 hortatur,
622 1891 662 1921 ut
681 1884 727 1921 de
746 1884 840 1921 bene
863 1885 1003 1920 meritis
1025 1884 1188 1926 civibus,
1209 1890 1246 1919 et
1268 1883 1315 1919 de
1336 1896 1375 1920 se
1395 1882 1506 1919 etiam
1527 1888 1630 1919 recte
1647 1894 1740 1919 con-

314 1942 495 1987 sulerent,
522 1944 669 1992 Reique
691 1944 857 1994 publicae
878 1945 1089 1984 salutariter
1115 1941 1422 1981 administrandae
1451 1943 1594 1980 initium
1617 1954 1740 1980 sume·

313 2009 394 2039 rent
414 2015 435 2039 a
461 2003 627 2052 Lycurgi
648 2003 776 2041 liberis
807 2018 850 2041 ex
873 2004 974 2041 omni
996 2011 1098 2041 metu
1120 2010 1157 2040 et
1178 2004 1346 2053 periculo
1372 2003 1595 2040 eximendis.
1651 2002 1737 2039 Pla-

314 2063 393 2100 cuit
420 2064 640 2106 consilium;
678 2072 793 2115 atque
820 2066 932 2102 etiam
963 2065 1104 2102 deinde
1131 2065 1290 2114 Olymp.
1311 2063 1500 2101 CXVIII.
1522 2067 1559 2101 2.
1581 2069 1739 2112 rogante

315 2125 520 2171 Stratocle,
539 2127 647 2175 cujus
681 2139 796 2176 opera
825 2134 862 2164 et
883 2126 1048 2163 consiliis
1074 2126 1111 2163 in
1141 2126 1237 2176 Rep.
1260 2125 1464 2176 saepissime
1495 2124 1617 2162 suerat
1637 2136 1738 2166 usus,

315 2185 433 2222 latum
467 2193 525 2223 est
557 2187 728 2224 illustre⁵
748 2187 1007 2230 Plebischum,
1035 2199 1112 2236 quo
1137 2187 1299 2226 honores
1329 2185 1462 2223 summi
1495 2186 1673 2234 Lycurgo
1701 2189 1741 2221 et

314 2246 490 2294 posteris,
509 2247 735 2284 auctoritate
755 2248 926 2296 publica,
947 2247 1215 2284 decernuntur.
1271 2247 1315 2283 Id
1338 2246 1401 2283 ubi
1421 2245 1544 2283 verbis
1565 2243 1739 2295 legitimis

316 2319 565 2356 proposuere,
591 2315 630 2345 et
661 2308 854 2353 nonnulla,
883 2309 946 2345 ubi
977 2321 1072 2358 opus
1105 2314 1198 2353 erat,
1227 2313 1474 2352 annotavero,
1494 2306 1582 2343 mihi
1609 2304 1740 2342 videor

317 2369 445 2406 omnia
468 2369 561 2416 fere,
575 2382 662 2419 quae
677 2370 724 2407 de
740 2370 892 2408 homine
911 2383 931 2406 a
945 2369 1135 2407 veteribus
1154 2369 1260 2406 dicta
1279 2374 1378 2414 sunt,
1396 2365 1608 2404 fideliterin
1623 2377 1736 2402 unum

318 2432 527 2481 collegisse.

360 2541 366 2558 ¹
386 2540 516 2580 [Harum
546 2543 711 2572 tabularum
741 2545 935 2582 fragmentum
959 2555 1008 2573 ex·
1089 2543 1102 2561 ³
1119 2544 1167 2572 Id.
1182 2554 1207 2572 c.
1224 2544 1255 2572 7.

317 2581 398 2629 hibet
420 2583 584 2622 inscriptio,
600 2596 686 2623 quam
710 2588 868 2616 1⁴'ourmont
886 2587 1011 2616 Athenis
1088 2588 1100 2606 ⁴
1116 2586 1272 2614 Deinosth.
1297 2584 1395 2622 Epist.
1420 2583 1487 2612 111.
1531 2583 1577 2611 Cf.
1603 2582 1735 2612 AEschin.

316 2630 480 2656 invenerat.
528 2628 756 2665 lnseriptionem
780 2630 898 2667 repetiit
915 2635 943 2658 et
958 2630 1011 2658 do·
1048 2628 1144 2666 Epist.
1163 2628 1243 2657 Xll.

317 2667 463 2696 unanimis
503 2669 666 2706 explicavit
707 2671 1011 2700 animadversionibus

319 2709 455 2738 Boeckh.
490 2711 524 2738 V.
558 2711 603 2739 Cl.
632 2712 930 2750 Stnntshaushaltung
959 2715 1012 2743 der

318 2751 452 2780 Athene!-
469 2752 535 2781 Vol.
554 2754 598 2781 ll.
616 2764 644 2791 p.
660 2756 730 2783 2425.
748 2766 790 2792 sq.
807 2757 856 2793 qui
873 2757 1012 2785 evincere

319 2794 430 2828 studet,
457 2804 520 2823 eam
551 2805 617 2823 esse
643 2795 829 2834 desumptam
856 2809 871 2827 e
899 2798 1011 2827 tabulis

318 2835 404 2874 ipsis,
428 2846 500 2873 quas
528 2838 702 2877 Lycurgus,
727 2843 804 2867 texte
839 2840 1012 2875 Plutarcho,

319 2877 441 2915 publice
463 2883 530 2908 ante
547 2879 721 2909 Palaestran·
739 2881 848 2919 exponi
869 2883 1010 2919 jusserat.

320 2920 486 2960 Bactrum-J

360 2965 372 2983 ¹
390 2964 519 2992 Pansan.
536 2963 630 2993 Ante.
646 2974 673 2993 c.
689 2967 738 2994 28.

1088 2670 1100 2688 ⁵
1117 2671 1340 2699 Monumentum
1359 2668 1412 2696 hoc
1434 2667 1581 2706 reperitur
1597 2668 1632 2696 nd
1650 2667 1737 2696 finem

1047 2712 1139 2741 libelli
1172 2711 1321 2740 Plutarchi
1351 2710 1388 2738 de
1411 2710 1442 2739 X
1470 2712 1626 2739 Oratorum
1654 2710 1737 2738 vitis.

1046 2756 1113 2790 Qua
1143 2754 1180 2782 sit
1211 2753 1397 2786 auctoritate,
1423 2762 1479 2790 ego
1507 2753 1593 2790 plane
1623 2752 1738 2786 nescio,

1046 2806 1142 2834 neque
1160 2797 1187 2823 in
1210 2806 1241 2824 re
1263 2800 1321 2823 tarn
1345 2795 1435 2823 dubia
1458 2794 1529 2823 mihi
1553 2794 1739 2832 dijudicandi

1047 2844 1145 2877 partes
1168 2847 1286 2875 arrogo.
1328 2837 1358 2865 Si
1376 2847 1452 2865 verm
1477 2838 1536 2866 sint
1554 2837 1689 2875 reliquiae
1710 2840 1741 2864 et.

1045 2881 1104 2910 lide
1120 2880 1231 2917 dignm,
1247 2880 1388 2908 Auctoris
1409 2880 1501 2908 nostri
1520 2879 1609 2909 vitam
1628 2883 1658 2907 et
1681 2887 1742 2906 me-

1046 2923 1102 2951 ritn
1115 2923 1144 2952 in
1161 2922 1383 2960 Rempublicnm
1398 2923 1510 2960 optimc
1525 2921 1725 2951 illustrabunt.

1932 771 1940 786 -ι
