1981 3255
671 141 741 182 ET
775 140 913 182 EJUS
947 141 1229 184 SCRIPTIS.
1586 149 1666 187 575

291 255 488 306 Optimam
517 266 604 291 vero
634 260 673 291 et
704 254 1057 304 praestantissimam
1092 256 1223 294 harum
1256 258 1552 309 Inscriptionum
1586 262 1667 299 edi-

235 316 377 353 tionem
407 316 592 353 debemus
623 314 716 352 Viro
744 314 1012 361 eruditissimo,
1041 315 1162 352 Ennio
1197 316 1360 360 Quirino
1389 321 1576 366 Visconti‚
1603 324 1668 370 qui

236 377 520 414 Casauboniani
547 383 584 414 et
605 376 815 414 Aroudiani
841 377 1026 414 acuminis
1054 377 1186 415 laudes
1213 378 1428 420 felicissime
1454 384 1666 430 aemulatus,

236 438 507 476 Salmasianam
539 438 754 476 doctrinam
784 438 952 476 sollertia
978 439 1181 488 judicandi
1207 444 1447 491 temperavit,
1476 447 1667 484 tractandi

234 499 509 549 perspicuitate
539 499 807 548 scribendique
830 500 1019 549 elegantia
1046 502 1159 539 etiam
1196 503 1401 552 superavit.
1458 506 1667 545 Confectus

236 568 292 598 est
321 561 430 607 liber,
451 574 561 611 quem
590 562 804 599 chartarum
834 574 990 611 quoque
1019 568 1057 599 et
1090 568 1267 614 typorum
1294 564 1394 602 nitor
1420 578 1464 603 ac
1491 574 1667 606 venustas

236 622 394 661 mirifice
413 623 696 669 commendant,
716 623 944 660 auctoritate
971 623 1211 661 illustrissimi
1232 624 1425 676 Principis
1445 627 1569 665 Marci
1589 632 1667 667 An-

236 685 330 722 tonii
363 685 570 734 Borghese‚
599 697 668 721 nec
695 684 792 721 inter
820 683 1058 721 librariorum
1085 697 1231 722 merces
1264 686 1459 737 expositus
1483 688 1519 725 in
1546 689 1669 735 Italia,

235 745 435 783 Musarum
464 747 594 784 amicis
622 747 671 782 ab
704 746 777 782 isto
810 746 1012 794 Musageta
1041 745 1303 785 liberalissime
1329 761 1548 787 concessus.
1604 750 1667 788 In-

235 807 392 858 scriptio
409 808 490 845 haec
511 815 593 845 est:
625 807 855 845 Inscrizioni
875 807 1033 845 Greche
1048 808 1214 859 Triopee
1235 823 1300 847 ora
1321 810 1575 861 Borghesiane
1595 826 1669 850 con

235 869 398 906 versioni
419 869 465 906 ed
488 868 745 906 osservazioni
765 868 805 905 di
829 869 951 906 Ennio
972 869 1135 913 Quirino
1155 870 1342 918 Visconti‚
1363 872 1400 909 in
1421 873 1543 911 Roma
1568 875 1669 912 nella

234 929 439 978 stamperia
468 929 686 979 Pagliarini,
715 933 830 969 1794.
862 930 944 968 Fol.
973 944 1060 968 cum
1090 931 1141 968 ΙΙ.
1169 932 1276 971 tabb.
1303 947 1376 972 aen.
1433 935 1668 974 Marmorum

232 991 461 1040 scripturam
480 1004 625 1029 summa
650 992 850 1029 oculorum
871 991 1061 1040 animique
1082 993 1327 1031 contentione
1354 995 1480 1033 denuo
1499 997 1667 1044 rimatus,

233 1052 373 1089 multos
402 1053 506 1089 locos
533 1052 660 1089 editor
685 1051 863 1097 restituit,
890 1053 927 1089 in
955 1053 1096 1102 quibus
1118 1053 1369 1093 casaubonus
1395 1063 1434 1094 et
1463 1058 1666 1097 Salmasius

232 1112 372 1151 frustra
394 1114 601 1158 haeserant,
633 1114 801 1151 excussit
820 1127 972 1163 quoque
1000 1115 1214 1153 notationes
1242 1116 1487 1155 decessorum
1514 1133 1665 1158 suorum

232 1187 305 1211 una
332 1188 417 1212 cum
449 1175 565 1212 Lucae
589 1174 778 1212 Holstenii
805 1175 1025 1224 apographo
1047 1176 1134 1213 MS.
1161 1176 1448 1226 diligentissime
1474 1188 1664 1230 correcto,

231 1236 336 1285 qnod
356 1243 527 1274 servatur
545 1237 582 1273 in
603 1236 845 1273 Bibliotheca
863 1237 1083 1275 Barberina.
1125 1238 1182 1275 Ex
1203 1239 1276 1276 hoc
1297 1247 1482 1290 apparatu
1497 1243 1668 1282 enotavit

228 1297 404 1335 lectionis
429 1298 663 1342 varietatem,
691 1296 839 1334 omissis
864 1298 1080 1347 perpauciS,
1102 1311 1189 1347 qnae
1216 1300 1412 1338 Arcudius
1431 1309 1541 1340 acute
1562 1304 1666 1343 vide-

229 1364 312 1404 rat3
344 1359 447 1409 ipsas
468 1372 558 1397 vero
578 1358 785 1408 scripturas
810 1370 1042 1396 marmorum
1066 1359 1103 1395 in
1130 1359 1269 1397 tabulis
1294 1361 1359 1399 aeri
1386 1362 1515 1400 incisis
1541 1365 1664 1414 subji-

228 1419 383 1458 ciendas
404 1419 524 1457 oculis
543 1419 702 1457 curavit.
737 1418 880 1456 Textui
899 1420 1082 1469 apposuit
1095 1421 1303 1459 versionem
1326 1423 1497 1462 Latinam
1513 1426 1559 1463 ad
1580 1426 1664 1464 lite-

229 1495 332 1519 ram:
362 1481 562 1530 snbjunxit
577 1487 657 1518 tum
674 1480 869 1517 metricam
883 1480 1235 1530 interpretationem
1251 1484 1438 1532 Salmasii‚
1454 1494 1665 1526 correctam

228 1557 251 1581 a
269 1557 308 1581 se
330 1543 468 1594 passim
489 1542 787 1590 melioribusque
807 1541 1034 1579 lectionibus
1050 1543 1392 1591 accommodatam,
1414 1553 1493 1584 tum
1514 1546 1665 1596 Italam,

229 1617 347 1654 quam
376 1604 455 1654 ipse
478 1603 591 1652 jussu
616 1602 804 1653 principis
831 1602 886 1639 sui
916 1603 1150 1652 composuit.
1209 1605 1318 1654 Saepe
1343 1605 1377 1642 ei
1400 1607 1448 1644 ad
1478 1609 1666 1649 tollendas

229 1667 522 1718 depravationes
548 1665 692 1716 profuit
718 1665 857 1714 ingenii
883 1665 1093 1714 sagacitas:
1124 1665 1172 1703 ad
1198 1666 1440 1706 difficultates
1465 1671 1668 1711 verborum

229 1736 267 1766 et
287 1742 413 1766 rerum
433 1727 708 1779 expediendas,
729 1726 888 1763 interior
907 1733 984 1764 tum
1005 1726 1158 1777 linguae,
1180 1735 1260 1764 tum
1282 1729 1398 1780 magis
1418 1731 1531 1769 etiam
1547 1733 1667 1773 histo-

228 1791 293 1828 riae
313 1797 430 1841 atque
449 1788 687 1839 antiquitatis
709 1787 901 1838 cognitio:
932 1788 979 1825 ad
995 1787 1217 1826 nutriendos
1233 1789 1400 1840 denique
1415 1799 1454 1830 et
1469 1793 1666 1834 delectan-

228 1852 298 1890 dos
324 1852 500 1898 lectores,
520 1850 632 1901 copia
652 1850 858 1887 multarum
882 1861 1019 1896 rerum,
1041 1863 1137 1900 quas
1160 1850 1198 1888 iu
1224 1851 1507 1892 Commentario
1527 1856 1665 1909 insigni

226 1927 312 1952 cum
333 1913 556 1952 eruditionis
575 1911 717 1963 pariter
735 1916 853 1961 atque
872 1911 1157 1962 perspicuitatis
1175 1911 1288 1951 laude
1308 1917 1557 1966 exprompsit.
