1981 3255
579 197 916 241 SIMULACRI
953 194 1246 238 REGILLAE.

202 314 259 355 Et
281 313 531 369 Imperator,
557 313 652 354 Jovi
676 311 784 368 patri
804 310 947 366 specie
970 319 1012 350 et
1030 308 1209 349 consilio
1233 307 1399 347 similis.

1557 192 1636 231 015

1586 304 1641 341 20

202 378 369 434 Jupiter
390 378 561 434 quidem
585 378 637 418 ad
662 376 884 417 Oceanum
909 373 1100 415 floridam
1121 372 1239 413 misit
1259 385 1431 412 uxorem

205 443 387 499 Zephyri
404 443 676 485 deferendam
699 440 859 496 Elysiis
883 439 1018 489 auris3

205 508 264 548 At
284 508 319 549 is
342 508 533 549 stellatos
556 507 715 548 circum
738 504 1001 560 talos'puero
1026 503 1191 544 calceos

811 610 823 628 ³
846 610 928 640 Αὐτοὶ
945 610 976 639 S.
993 609 1037 638 M.

208 702 369 737 ἦλακάταις
388 705 516 743 μιγῆναι,
536 703 574 732 de
600 703 638 732 iis
663 702 788 737 dicitur,
803 702 855 741 qui
871 702 909 731 ud

207 751 347 775 senectam
370 747 550 785 proveniunt.
594 745 692 775 Simili
716 745 802 784 plane
828 745 910 774 locu-

210 788 292 817 tione
316 788 481 823 Martialis,
506 789 599 818 breres
610 788 681 817 colos
697 788 783 822 dixit,
797 788 834 817 de
850 788 912 817 vita

211 830 297 860 brevi
313 841 347 860 ac
362 841 419 860 nou
430 831 580 860 diuturna.
596 832 663 861 Lib.
679 830 737 860 [X.
753 833 806 860 ⁴28.

255 893 276 906 ‘⁶
288 889 410 919 Latonoe
423 890 592 919 venerande
606 899 713 928 nepos,
725 889 776 929 qui
789 888 912 918 mitibus

340 932 442 961 herbis

257 975 419 1004 Pa'rcarnm
435 984 544 1004 exoras
558 984 662 1014 pensa,
679 975 849 1013 brevesque
862 984 914 1003 co-

341 1016 418 1046 los.'’

214 1082 489 1113 Animadversione
501 1089 648 1122 praeterea
657 1083 782 1124 dignuin
790 1106 796 1118 ‚
806 1084 915 1114 ἠλακά-

216 1137 270 1160 τας
296 1126 344 1155 hic
365 1128 402 1156 ab
428 1132 550 1156 auctore
571 1126 643 1161 dici,
673 1137 729 1156 nou
761 1127 915 1161 ἠλακάτην,

217 1169 356 1207 quamvis
372 1170 409 1199 de
427 1170 514 1198 unius
532 1169 592 1198 vita
608 1170 726 1208 fatoque
748 1174 863 1208 agatur,
883 1175 916 1198 ut

216 1221 233 1240 a
246 1210 557 1248 Martiale‚colos,non
573 1212 683 1241 colum.
696 1212 764 1242 Lib.
781 1213 853 1241 vu.
864 1214 916 1242 46.

216 1273 237 1287 ‘⁰
250 1269 314 1298 Non
327 1270 394 1300 tulit
403 1269 545 1299 invidiam
556 1270 631 1307 nigri
643 1275 783 1309 regnator
792 1270 917 1305 Averni,

262 1313 300 1342 Et
314 1312 383 1341 fatis
398 1317 499 1351 raptas
514 1312 649 1342 reddidit
664 1312 730 1351 ipse
743 1311 860 1341 culos.'’

250 1377 384 1419 Ἐπίηςον]
391 1389 444 1418 pro
453 1379 564 1416 solatio,
575 1379 613 1408 ud
624 1379 843 1409 consolationem
853 1381 918 1417 ipsi,

217 1421 354 1459 ἔστειλεν,
368 1422 463 1452 ἔδωκεν
487 1421 658 1460 Imperator.
685 1422 799 1452 Vocem
817 1421 920 1461 ἐπίηςον

220 1464 383 1494 inauditam
401 1475 467 1494 esse
480 1464 565 1493 honis
582 1465 792 1502 scriptoribus,
812 1465 919 1494 Brunk

221 1508 336 1537 monuit
355 1507 392 1536 ad
412 1508 551 1536 Analect.
572 1507 609 1536 T.
631 1506 698 1536 ΙΙΙ.
716 1517 786 1546 pag.
802 1510 873 1537 112.
890 1511 920 1536 et

221 1553 292 1582 220.
320 1549 404 1579 Idem
421 1560 490 1579 esse
513 1559 548 1578 ao
568 1548 704 1588 ἔπιῆςανον
720 1549 849 1579 credidit
867 1548 921 1578 Vi-

221 1591 332 1623 sconti.
354 1590 482 1622 Fallitur
498 1592 544 1621 vir
557 1592 764 1627 doctissimus,
776 1597 921 1630 praeterea

223 1635 342 1664 omnino
351 1635 410 1664 alia
419 1635 496 1664 ratio
506 1634 643 1664 habenda
655 1634 811 1664 Homerici
824 1633 920 1674 ἐπίηρα

222 1676 320 1717 φὲςειν.
343 1677 429 1707 Voce
443 1675 549 1716 ἐπίηρα,
561 1682 593 1706 ut
603 1677 793 1707 substantiva
804 1683 832 1706 et
848 1687 920 1706 neu-

224 1721 300 1750 trius
329 1720 450 1758 generis
475 1730 559 1750 usum
583 1719 678 1750 fuisse
706 1719 920 1749 Antimachum

225 1762 459 1801 Colophonium,
471 1772 510 1792 ex
522 1762 679 1800 Hesychio
690 1767 784 1802 patet.
794 1761 920 1802 Ἐπίηςα.

223 1807 273 1836 τὴν
282 1804 353 1844 μετ’
369 1803 525 1844 ἐπικουρίας
536 1805 617 1845 χάριν
632 1806 772 1843 μεγάλην,
790 1805 804 1836 ἢ
826 1804 856 1834 ἐκ
872 1806 923 1839 τῆς

223 1846 387 1888 περιουσίας·
401 1848 436 1881 ἇς
445 1846 631 1888 Ἀντίμαχος.
655 1849 726 1878 Hoc
738 1858 810 1886 ergo
819 1853 923 1877 contra

225 1901 277 1920 eos
303 1895 361 1924 est,
384 1891 435 1929 qui
459 1891 580 1920 omnino
602 1900 707 1920 vocem
729 1902 745 1920 e
759 1891 922 1920 Graecitate

223 1933 387 1968 eliminant,
403 1939 435 1963 ut
449 1934 582 1972 Interpp.
600 1934 636 1962 ad
650 1933 785 1972 Hesych.
803 1943 832 1963 v.
848 1931 863 1963 ἦ
880 1933 923 1973 ῥα.

224 1980 255 2005 et
273 1975 388 2004 Brunk.
404 1975 459 2005 l.1.
483 1975 518 2005 In
534 1980 615 2005 tanto
629 1976 752 2014 quidem
766 1975 923 2013 naufragio

225 2019 401 2047 Graecorum
430 2023 598 2056 poetarum,
625 2029 749 2057 quorum
777 2019 924 2057 quantilla

225 2070 295 2099 pars
310 2064 430 2090 servata
450 2061 516 2096 suit,
533 2070 589 2090 non
610 2061 681 2090 licet
703 2066 761 2090 tam
781 2062 924 2091 audacter

225 2103 337 2141 aliquid
354 2107 481 2137 mutare,
499 2113 555 2133 non
569 2103 669 2140 decet,
684 2103 829 2142 quidquid
847 2114 924 2134 unus

226 2150 257 2175 et
269 2146 345 2175 alter
357 2144 537 2175 Criticorum
551 2146 670 2176 faciant.
707 2146 807 2178 Acuta
822 2152 869 2176 est
885 2147 924 2176 de

227 2198 300 2217 voce
312 2186 409 2227 ἔπίηςα
419 2188 589 2217 observatio
603 2189 648 2217 (ΣΙ.
663 2189 778 2224 Wolfli,
790 2189 819 2218 in
833 2190 923 2220 Praef.

226 2231 262 2260 ad
281 2230 372 2260 Hom.
387 2230 478 2260 Iliad.
493 2242 523 2270 p.
534 2231 624 2261 XXI.
642 2236 649 2248 ¹
663 2231 697 2261 ln
713 2231 830 2271 primis'
851 2231 926 2272 (ait)

226 2283 308 2312 saepe
323 2283 340 2302 a
354 2273 486 2303 librariis
498 2274 726 2313 praepositiones
737 2274 838 2304 verbis
847 2275 924 2304 male

226 2315 356 2354 appictae
369 2320 449 2351 sunt,
469 2326 535 2354 quae
551 2317 710 2355 separatim
727 2317 818 2346 scribi
833 2317 924 2346 dehe-

227 2359 308 2393 bant,
320 2363 380 2388 tum
397 2358 537 2393 maxime,
553 2369 621 2388 cum
637 2359 812 2398 praepositio
825 2359 925 2399 aliqua

228 2405 296 2441 post
310 2411 394 2430 suum
409 2411 514 2431 nomeu
529 2401 639 2440 posita,
652 2402 750 2432 aliove
765 2403 854 2432 modo
871 2413 925 2442 per

228 2443 335 2473 tmesin
355 2444 391 2472 ab
407 2454 443 2473 eo
456 2443 561 2473 avulsa
581 2450 644 2474 erat
660 2463 673 2467 -
689 2463 701 2468 -
719 2461 731 2468 ·
747 2445 925 2480 Retulerant

228 2485 311 2515 iniis
334 2486 447 2516 dudum
475 2485 609 2525 [nterpp.
631 2487 667 2516 ud
691 2487 827 2526 Hesych.
844 2489 882 2517 Ὶ“.
897 2487 922 2517 1.

229 2540 258 2568 p.
274 2530 379 2563 1648„
397 2529 517 2558 verbum
531 2527 639 2569 ἐπίηρα,
652 2529 742 2560 Iliad.
753 2529 789 2559 α’.
806 2532 878 2560 572.
895 2532 924 2559 8.

228 2571 258 2600 iu
273 2581 333 2609 quo
354 2570 402 2601 ἐπὶ
428 2571 465 2601 ab
488 2570 539 2611 ’ἦςα
560 2572 752 2607 distractum,
777 2573 813 2601 ad
841 2572 926 2613 φέςειν

228 2613 333 2643 referri
356 2614 535 2645 docuerunt.
579 2615 638 2645 Sed
660 2619 691 2644 et
715 2615 763 2644 hic
790 2615 926 2645 diversas

230 2655 322 2684 fuisse
334 2657 602 2687 Grammaticorum
616 2657 791 2692 sententias,
803 2657 926 2687 Glossa-

230 2697 335 2736 graphi
354 2699 455 2728 Graeci
468 2705 609 2739 arguunt.
655 2700 846 2729 Probabilem
861 2700 925 2739 qui-

229 2741 297 2769 dem
313 2740 394 2770 illam
409 2742 651 2772 observationem
668 2743 724 2772 hoc
739 2742 821 2777 facit,
845 2743 926 2781 quod

229 2780 428 2822 afferunt&
441 2783 528 2823 φέρειν
539 2785 611 2814 alibi
627 2785 673 2815 vel
690 2785 768 2815 nude
784 2795 863 2820 esse,
881 2785 927 2814 vel

229 2825 474 2864 praepositionem
498 2826 522 2855 si
542 2827 631 2863 adsit,
652 2827 801 2858 interdum
826 2828 863 2856 ab
877 2825 928 2867 ’ἦρα

230 2867 378 2896 divulsam
393 2871 422 2897 et
442 2867 491 2897 alii
509 2869 655 2899 vocabulo
671 2872 805 2909 junctam
822 2880 927 2900 occur-

229 2919 316 2947 rere3
341 2914 384 2945 ut,
396 2911 460 2940 Od.
475 2909 512 2949 γ’.
529 2914 601 2942 164.
617 2911 658 2942 π’.
675 2915 749 2943 375.
772 2913 856 2942 Addi
873 2923 928 2952 po-

231 2956 308 2981 terat
319 2951 426 2982 similis
442 2953 538 2984 forma
554 2953 645 2984 Hom.
663 2956 747 2995 χάςιν
764 2954 852 2995 ψέξειν
864 2954 928 2990 τινί,

230 2995 333 3024 favens
351 2995 400 3029 iis,
415 2996 465 3034 qui
478 2993 531 3035 ’ἧςα
547 2996 766 3027 substantivum
789 3008 857 3028 esse
875 3008 929 3036 pn-

944 704 1018 730 tant.
1052 699 1094 728 At
1109 709 1179 728 vero
1196 709 1265 728 mox
1282 698 1385 728 eadem
1402 698 1494 728 dubia
1507 698 1644 728 redditur

945 743 1011 772 loco
1028 742 1089 771 Od.
1106 740 1144 771 τ’.
1159 744 1232 772 343.
1270 740 1339 771 Οὐδὲ
1352 753 1382 770 τι
1402 753 1453 780 μοι
1470 742 1645 780 mmmm-ga„

945 785 1032 814 ποδῶν
1053 783 1182 824 {orengam
1200 784 1288 823 θυμῷ
1307 782 1443 822 γίγνεται.
1488 785 1571 814 Nihil
1593 795 1645 814 no-

946 835 1038 857 stram
1054 827 1251 865 quaestionem
1271 829 1359 865 juvat
1382 827 1475 856 altera
1490 827 1531 856 ibi
1553 826 1645 856 lectio

946 868 1032 910 Em'np'
1043 870 1094 899 ἐνὶ
1106 869 1205 908 θυμῷ,
1225 869 1332 898 merito
1347 869 1516 908 improbata
1530 870 1568 899 ab
1585 870 1646 899 Eu-

948 913 1068 942 stanno.
1113 913 1201 950 Quod
1215 912 1241 941 si
1254 917 1285 941 et
1305 912 1354 941 hic
1371 910 1417 941 ἐπὶ
1436 913 1645 951 scripturam'se—

948 966 1052 996 parare
1068 955 1175 990 velles,
1192 956 1228 984 ab
1245 953 1337 994 ἥξανα,
1357 955 1436 984 unde
1459 961 1646 985 contractum

950 998 1069 1028 videtur
1082 995 1133 1036 ἷςα
1154 998 1351 1036 adjectivum,
1370 1008 1424 1026 nec
1443 997 1475 1027 id
1491 997 1648 1027 facile'ali-

949 1040 997 1070 cui
1014 1040 1168 1079 probares,
1190 1051 1257 1071 cum
1275 1041 1319 1069 sic
1334 1039 1381 1069 ἐπὶ
1400 1040 1437 1069 ad
1450 1040 1574 1079 γίγνεται
1589 1045 1648 1069 tra-

950 1083 1077 1113 hendum
1102 1088 1193 1112 esset.
1237 1082 1372 1112 Probare
1392 1086 1490 1112 autem
1515 1083 1649 1113 Aristar-

949 1127 1023 1155 chus
1037 1126 1155 1155 videtur
1170 1125 1322 1163 vulgatum
1337 1124 1444 1164 ἔπίηξα.
1469 1125 1532 1154 vid.
1545 1126 1648 1164 Etym.

950 1169 998 1198 M.
1015 1179 1044 1207 p.
1061 1170 1133 1198 359.
1149 1170 1202 1198 43.
1226 1169 1332 1197 Schol.
1354 1168 1516 1197 Wassenb.
1532 1178 1563 1207 p.
1578 1168 1650 1198 185.

951 1216 982 1240 et
993 1211 1132 1241 Eustath.
1145 1221 1176 1249 p.
1188 1212 1258 1241 152).
1271 1210 1321 1240 ubi
1332 1211 1442 1249 ineptae
1453 1210 1650 1240 derivationis

951 1254 989 1283 ab
1010 1253 1050 1293 ἧς,
1074 1253 1104 1282 in
1127 1254 1231 1292 Etym.
1255 1253 1302 1283 M.
1319 1253 1416 1291 primo
1440 1253 1506 1283 loco
1533 1253 1652 1292 positae,

952 1301 1058 1326 auctor
1074 1295 1213 1325 laudatur
1227 1295 1442 1325 Herodianus.’

995 1337 1161 1377 Ὀδυρομὲνῳ
1176 1337 1317 1378 ἀκόρητον]
1336 1338 1414 1367 Vide
1427 1349 1493 1377 quae
1510 1348 1603 1378 supra
1616 1338 1653 1368 ad

954 1391 983 1410 v.
999 1384 1049 1410 ll.
1068 1380 1180 1409 monui.

995 1422 1048 1452 Καὶ
1063 1423 1209 1457 βασιλεὺς,
1237 1422 1285 1453 Διῒ
1307 1422 1394 1462 πατρὶ
1413 1425 1479 1462 φυὴν
1502 1423 1549 1452 καὶ
1569 1425 1658 1463 μῆτιν

953 1464 1058 1506 ἐοικὼς]
1092 1466 1148 1494 Est
1173 1465 1299 1495 Marcus
1325 1465 1469 1495 Aurelius
1486 1467 1657 1496 Antoninus

955 1508 1171 1546 Philosophus.
1195 1509 1344 1547 Tempore
1357 1508 1579 1538 Antoninorum
1594 1509 1657 1547 pri·

957 1561 1036 1580 mum
1054 1557 1254 1580 assueverunt
1278 1550 1392 1584 Graeci,
1415 1552 1570 1588 Augustos
1593 1553 1655 1580 Au-

954 1597 1117 1631 gusrasque
1134 1592 1263 1622 salutare
1277 1591 1411 1627 Βασιλεῖς
1423 1598 1453 1622 et
1468 1592 1657 1628 βασιλίσσας,

955 1645 1041 1674 quern
1061 1645 1145 1664 usum
1162 1645 1269 1673 magna
1281 1635 1461 1664 eruditionis
1478 1636 1567 1675 copia
1587 1636 1657 1665 illu-

955 1678 1061 1707 stravit
1080 1678 1240 1716 Spanhem.
1258 1678 1295 1706 de
1318 1678 1382 1707 Usu
1406 1683 1436 1707 et
1457 1678 1565 1707 Praest.
1591 1679 1656 1708 Nu-

955 1721 1052 1750 mism.
1070 1721 1202 1749 Dissert.
1221 1720 1302 1749 X11.
1318 1731 1348 1759 p.
1363 1722 1433 1750 398.
1448 1723 1522 1750 400.

999 1761 1043 1797 Ἐς
1062 1761 1189 1792 Ὠκεανέν
1201 1762 1320 1802 &ausger
1334 1761 1445 1792 ἔστειλε
1456 1763 1588 1803 γυναῖκα]
1606 1762 1657 1793 Ιη-

955 1805 1028 1835 sulae
1044 1806 1213 1841 fortunatae,
1226 1805 1256 1834 in
1271 1807 1393 1835 Oceano
1404 1817 1421 1835 a
1433 1806 1590 1836 veteribus
1606 1818 1657 1846 po-

957 1849 1033 1878 sitae.
1050 1848 1112 1877 vid.
1126 1848 1254 1877 Salinas.
1271 1854 1300 1877 et
1315 1849 1452 1878 Viscont.

999 1891 1096 1930 Αὐτὰρ
1112 1891 1124 1920 ὁ
1146 1890 1313 1930 ἄστερέεντα
1329 1908 1340 1913 -
1358 1908 1371 1913 -
1385 1909 1396 1913 -
1411 1890 1510 1920 Νύκτα
1534 1892 1577 1920 διὰ.
1603 1891 1658 1921 δνο-

956 1933 1048 1974 φεςῆν]
1084 1935 1118 1963 In
1136 1933 1260 1972 gratiam
1289 1943 1323 1963 ac
1349 1934 1488 1963 solatium
1512 1934 1659 1970 Herodis,

957 1977 1120 2016 imperator
1130 1975 1178 2006 M.
1193 1976 1372 2011 Antoninus,
1386 1978 1451 2014 ejus
1468 1975 1558 2005 filium
1574 1987 1659 2006 sena-

957 2024 1054 2049 torem
1070 2018 1152 2048 fe'cit.
1175 2017 1343 2057 ἀστερόεντα
1359 2017 1470 2054 πέδιλα,
1487 2026 1575 2048 vocat
1598 2021 1659 2049 cul-

957 2072 1014 2092 ceos
1029 2061 1271 2099 lunatos,quibus
1284 2062 1354 2090 luna
1364 2066 1462 2091 assuta
1475 2066 1556 2097 erat;
1574 2063 1655 2101 quod

958 2104 1151 2143 patriciorum
1175 2103 1304 2141 insigne.
1327 2104 1388 2133 vid.
1404 2104 1530 2133 Salmas.
1546 2105 1656 2139 Fuere,

958 2147 1008 2186 qui
1039 2151 1192 2186 putarent,
1225 2146 1447 2176 semicirculum
1478 2146 1574 2182 illum,
1605 2148 1656 2185 qui

957 2191 1136 2219 assuebatur
1151 2188 1260 2218 calceis
1277 2189 1482 2228 patriciorum,
1498 2200 1555 2218 non
1572 2190 1656 2219 lunu-

959 2233 1015 2262 lam
1033 2233 1155 2267 ret'erre,
1168 2231 1220 2260 sed
1238 2237 1336 2262 notam
1353 2232 1514 2261 centenarii
1528 2233 1655 2268 numeri,

958 2276 1038 2314 quod
1057 2274 1141 2304 initio
1162 2279 1204 2303 tot
1221 2275 1382 2304 Senatores
1403 2274 1523 2304 suerint.
1541 2276 1656 2305 Auctor

958 2323 1004 2347 est
1016 2317 1165 2351 Isidorus,
1181 2316 1268 2355 orig.
1290 2317 1357 2346 Lib.
1373 2316 1462 2347 XIX.
1480 2328 1508 2346 c.
1525 2319 1574 2348 3-1--
1591 2318 1656 2348 haec

958 2370 1099 2389 monens:
1124 2360 1144 2376 “
1157 2359 1308 2388 Patricius
1321 2360 1438 2389 calceos
1450 2360 1597 2389 Romulus
1609 2371 1654 2390 re<

959 2403 1035 2441 perit
1045 2407 1173 2442 quatuor
1185 2402 1393 2440 corrigiarum,
1401 2407 1562 2442 assutaque
1571 2403 1653 2438 luna,

959 2445 1006 2475 his
1019 2446 1076 2474 soli
1104 2444 1228 2474 panicii
1243 2446 1412 2475 utebantur.
1457 2445 1539 2475 Luna
1555 2450 1653 2476 nutem

959 2488 989 2517 in
1006 2488 1049 2517 eis
1067 2498 1124 2516 non
1141 2487 1250 2516 sideris
1264 2487 1399 2523 formam,
1409 2488 1462 2517 sed
1475 2493 1571 2517 notam
1585 2499 1653 2518 cen-

959 2530 1066 2560 tenarii
1092 2529 1290 2568 significabat,
1315 2531 1395 2569 quod
1425 2530 1510 2560 initio
1534 2530 1653 2568 patricii

959 2577 1110 2602 senatores
1126 2576 1244 2602 centum
1260 2572 1403 2602 fuerint.’'
1442 2573 1654 2608 Philostratus,

959 2615 998 2644 de
1021 2615 1152 2644 Herodis
1176 2615 1234 2644 lilio
1258 2616 1351 2645 verba
1364 2616 1655 2650 faciens-‚ornamen-

961 2663 1022 2687 tum
1040 2658 1067 2686 in
1089 2657 1210 2692 calceis,
1227 2655 1386 2697 ἐπισφύξιον
1406 2657 1578 2696 ἐλεφάντινον
1595 2670 1653 2697 μη-

959 2699 1053 2734 νοειδὲς
1067 2704 1165 2729 vocnt.
1203 2700 1301 2737 Quam
1317 2700 1484 2730 Marcellus
1499 2700 1551 2729 dat
1561 2700 1655 2729 histo-

961 2743 1034 2772 riam
1057 2742 1195 2780 originis,
1215 2743 1363 2782 adfigendi
1380 2742 1574 2782 patriciorum
1593 2742 1654 2771 cal-

962 2785 1025 2815 ceis
1037 2785 1238 2824 lunam.apud
1255 2786 1367 2815 nullum
1383 2784 1474 2814 alium
1492 2790 1656 2819 auctorem,

962 2838 1064 2858 eorum
1081 2827 1131 2866 qui
1147 2838 1224 2858 nunc
1238 2832 1367 2862 exstant,
1381 2827 1523 2856 occurrit.
1556 2827 1656 2856 Fabu-

963 2870 1020 2900 lam
1039 2881 1124 2910 erg0,
1141 2876 1202 2906 aut,
1222 2875 1254 2900 ot
1268 2870 1432 2899 Salmasius
1452 2873 1549 2908 purat,
1567 2869 1657 2899 exiis

963 2912 1062 2942 hausit
1085 2917 1184 2952 poeta,
1207 2914 1258 2952 qui
1283 2913 1322 2940 τὲ
1347 2911 1434 2941 Αἴτια
1460 2911 1656 2950 scripserunt,

963 2965 1088 2994 quorum
1105 2955 1250 2994 praecipui
1266 2959 1476 2989 memorantur,
1487 2953 1566 2983 inter
1574 2955 1657 2983 Grae-

964 3010 1016 3028 cus
1047 2998 1259 3032 Callimachus,
1284 2997 1361 3026 inter
1389 2997 1521 3029 Latinos.
1547 2997 1659 3029 varro:
