<?xml version="1.0" encoding="UTF-8"?>
<!DOCTYPE html PUBLIC "-//W3C//DTD XHTML 1.0 Transitional//EN"
    "http://www.w3.org/TR/xhtml1/DTD/xhtml1-transitional.dtd">
<html xmlns="http://www.w3.org/1999/xhtml" xml:lang="en" lang="en">
 <head>
  <title>
</title>
<meta http-equiv="Content-Type" content="text/html;charset=utf-8" />
  <meta name='ocr-system' content='tesseract 3.04.00' />
  <meta name='ocr-capabilities' content='ocr_page ocr_carea ocr_par ocr_line ocrx_word'/>
</head>
<body>
  <div class='ocr_page' id='page_1' title='image "./oratoresatticie04dobs/oratoresatticie04dobs_0555.png"; bbox 0 0 1981 3255; ppageno 0'>
   <div class='ocr_carea' id='block_1_1' title="bbox 456 247 1574 294">
    <p class='ocr_par' dir='ltr' id='par_1_1' title="bbox 456 247 1574 294">
     <span class='ocr_line' id='line_1_1' title="bbox 456 247 1574 294; baseline 0.001 -1"><span class='ocrx_word' id='word_1_1' title='bbox 456 248 843 293; x_wconf 83' lang='lat' dir='ltr'>DISSERTATIO</span> <span class='ocrx_word' id='word_1_2' title='bbox 878 248 959 291; x_wconf 89' lang='lat' dir='ltr'>DE</span> <span class='ocrx_word' id='word_1_3' title='bbox 992 247 1267 292; x_wconf 88' lang='lat' dir='ltr'>DEMADE.</span> <span class='ocrx_word' id='word_1_4' title='bbox 1492 253 1574 294; x_wconf 82' lang='lat'>519</span> 
     </span>
    </p>
   </div>
   <div class='ocr_carea' id='block_1_2' title="bbox 160 362 1602 2128">
    <p class='ocr_par' dir='ltr' id='par_1_2' title="bbox 160 362 1591 1272">
     <span class='ocr_line' id='line_1_2' title="bbox 160 362 1580 416; baseline 0.001 -14"><span class='ocrx_word' id='word_1_5' title='bbox 160 364 357 412; x_wconf 77' lang='lat' dir='ltr'>invitabat,</span> <span class='ocrx_word' id='word_1_6' title='bbox 370 365 408 403; x_wconf 81' lang='grc' dir='ltr'>ἐκ</span> <span class='ocrx_word' id='word_1_7' title='bbox 416 368 577 403; x_wconf 82' lang='grc' dir='ltr'>παλαιοῦ</span> <span class='ocrx_word' id='word_1_8' title='bbox 586 365 794 414; x_wconf 51' lang='grc' dir='ltr'>καὶζσαπροῦ</span> <span class='ocrx_word' id='word_1_9' title='bbox 810 363 992 412; x_wconf 75' lang='grc' dir='ltr'>στήμονος</span> <span class='ocrx_word' id='word_1_10' title='bbox 1006 362 1130 400; x_wconf 75' lang='lat' dir='ltr'>omnia</span> <span class='ocrx_word' id='word_1_11' title='bbox 1142 364 1322 413; x_wconf 85' lang='lat' dir='ltr'>pendere,</span> <span class='ocrx_word' id='word_1_12' title='bbox 1335 366 1580 416; x_wconf 70' lang='lat' dir='ltr'><strong>Antipatrum</strong></span> 
     </span>
     <span class='ocr_line' id='line_1_3' title="bbox 160 423 1582 476; baseline 0.002 -14"><span class='ocrx_word' id='word_1_13' title='bbox 160 426 384 475; x_wconf 62' lang='lat' dir='ltr'>suggillando,</span> <span class='ocrx_word' id='word_1_14' title='bbox 405 423 634 476; x_wconf 86' lang='lat' dir='ltr'>significans.</span> <span class='ocrx_word' id='word_1_15' title='bbox 681 423 784 461; x_wconf 88' lang='lat' dir='ltr'>Tota</span> <span class='ocrx_word' id='word_1_16' title='bbox 806 435 866 460; x_wconf 88' lang='lat' dir='ltr'>res</span> <span class='ocrx_word' id='word_1_17' title='bbox 887 423 936 460; x_wconf 91' lang='lat' dir='ltr'>ab</span> <span class='ocrx_word' id='word_1_18' title='bbox 958 435 1045 460; x_wconf 88' lang='lat' dir='ltr'>eum</span> <span class='ocrx_word' id='word_1_19' title='bbox 1062 431 1268 462; x_wconf 85' lang='lat' dir='ltr'><strong>accusante</strong></span> <span class='ocrx_word' id='word_1_20' title='bbox 1285 426 1481 464; x_wconf 87' lang='lat' dir='ltr'>Dinarcho</span> <span class='ocrx_word' id='word_1_21' title='bbox 1508 426 1582 464; x_wconf 85' lang='lat' dir='ltr'>Co-</span> 
     </span>
     <span class='ocr_line' id='line_1_4' title="bbox 160 485 1582 534; baseline 0.001 -10"><span class='ocrx_word' id='word_1_22' title='bbox 160 488 313 534; x_wconf 88' lang='lat' dir='ltr'>rinthio,</span> <span class='ocrx_word' id='word_1_23' title='bbox 332 488 379 525; x_wconf 90' lang='lat' dir='ltr'>ad</span> <span class='ocrx_word' id='word_1_24' title='bbox 399 487 592 525; x_wconf 82' lang='lat' dir='ltr'>Plutarchi</span> <span class='ocrx_word' id='word_1_25' title='bbox 619 485 887 532; x_wconf 85' lang='lat' dir='ltr'>testimonium,</span> <span class='ocrx_word' id='word_1_26' title='bbox 906 485 943 522; x_wconf 92' lang='lat' dir='ltr'>in</span> <span class='ocrx_word' id='word_1_27' title='bbox 964 485 1166 524; x_wconf 86' lang='lat' dir='ltr'>Demosth.</span> <span class='ocrx_word' id='word_1_28' title='bbox 1192 487 1281 532; x_wconf 82' lang='lat' dir='ltr'>vita,</span> <span class='ocrx_word' id='word_1_29' title='bbox 1301 492 1330 534; x_wconf 58' lang='grc' dir='ltr'>ξ.</span> <span class='ocrx_word' id='word_1_30' title='bbox 1352 492 1414 525; x_wconf 88' lang='grc'>31.</span> <span class='ocrx_word' id='word_1_31' title='bbox 1435 502 1519 526; x_wconf 92' lang='lat' dir='ltr'>cum</span> <span class='ocrx_word' id='word_1_32' title='bbox 1536 488 1582 525; x_wconf 82' lang='lat' dir='ltr'>li·-</span> 
     </span>
     <span class='ocr_line' id='line_1_5' title="bbox 161 545 1584 598; baseline 0.001 -14"><span class='ocrx_word' id='word_1_33' title='bbox 161 548 249 585; x_wconf 87' lang='lat' dir='ltr'>teris</span> <span class='ocrx_word' id='word_1_34' title='bbox 269 548 361 597; x_wconf 87' lang='lat' dir='ltr'>ipsis</span> <span class='ocrx_word' id='word_1_35' title='bbox 381 548 642 597; x_wconf 80' lang='lat' dir='ltr'>detegebatur.</span> <span class='ocrx_word' id='word_1_36' title='bbox 700 547 788 590; x_wconf 89' lang='lat' dir='ltr'>Quo</span> <span class='ocrx_word' id='word_1_37' title='bbox 806 545 1023 592; x_wconf 84' lang='lat' dir='ltr'>facto‚dum</span> <span class='ocrx_word' id='word_1_38' title='bbox 1038 545 1194 585; x_wconf 82' lang='lat' dir='ltr'>liberius</span> <span class='ocrx_word' id='word_1_39' title='bbox 1211 548 1385 596; x_wconf 78' lang='lat' dir='ltr'>exigebat</span> <span class='ocrx_word' id='word_1_40' title='bbox 1401 549 1584 598; x_wconf 84' lang='lat' dir='ltr'>promissa</span> 
     </span>
     <span class='ocr_line' id='line_1_6' title="bbox 162 606 1585 659; baseline 0.002 -16"><span class='ocrx_word' id='word_1_41' title='bbox 162 607 367 652; x_wconf 84' lang='lat' dir='ltr'>Demades,</span> <span class='ocrx_word' id='word_1_42' title='bbox 386 608 541 658; x_wconf 71' lang='lat' dir='ltr'>Olymp.</span> <span class='ocrx_word' id='word_1_43' title='bbox 559 606 768 645; x_wconf 89' lang='lat' dir='ltr'>secundum</span> <span class='ocrx_word' id='word_1_44' title='bbox 785 606 934 656; x_wconf 87' lang='lat' dir='ltr'>aliquos</span> <span class='ocrx_word' id='word_1_45' title='bbox 946 606 1067 644; x_wconf 87' lang='lat' dir='ltr'>CXV.</span> <span class='ocrx_word' id='word_1_46' title='bbox 1084 619 1119 645; x_wconf 89' lang='lat' dir='ltr'>a.</span> <span class='ocrx_word' id='word_1_47' title='bbox 1135 614 1174 646; x_wconf 83' lang='lat'>2.</span> <span class='ocrx_word' id='word_1_48' title='bbox 1191 607 1318 657; x_wconf 88' lang='lat' dir='ltr'>potins</span> <span class='ocrx_word' id='word_1_49' title='bbox 1339 614 1476 654; x_wconf 87' lang='lat' dir='ltr'>autem,</span> <span class='ocrx_word' id='word_1_50' title='bbox 1494 622 1585 659; x_wconf 92' lang='lat' dir='ltr'>quo-</span> 
     </span>
     <span class='ocr_line' id='line_1_7' title="bbox 162 667 1583 719; baseline 0.002 -16"><span class='ocrx_word' id='word_1_51' title='bbox 162 667 259 703; x_wconf 89' lang='lat' dir='ltr'>niam</span> <span class='ocrx_word' id='word_1_52' title='bbox 273 668 477 719; x_wconf 85' lang='lat' dir='ltr'>Antipater</span> <span class='ocrx_word' id='word_1_53' title='bbox 492 668 675 717; x_wconf 87' lang='lat' dir='ltr'>tuncjam</span> <span class='ocrx_word' id='word_1_54' title='bbox 699 675 866 707; x_wconf 83' lang='lat' dir='ltr'>mortuus</span> <span class='ocrx_word' id='word_1_55' title='bbox 880 673 972 712; x_wconf 84' lang='lat' dir='ltr'>erat,</span> <span class='ocrx_word' id='word_1_56' title='bbox 991 667 1135 705; x_wconf 92' lang='lat' dir='ltr'>CXIV.</span> <span class='ocrx_word' id='word_1_57' title='bbox 1148 673 1187 706; x_wconf 84' lang='lat'>4.</span> <span class='ocrx_word' id='word_1_58' title='bbox 1204 681 1288 706; x_wconf 82' lang='lat' dir='ltr'>curn</span> <span class='ocrx_word' id='word_1_59' title='bbox 1305 669 1503 718; x_wconf 80' lang='lat' dir='ltr'>legationis</span> <span class='ocrx_word' id='word_1_60' title='bbox 1519 682 1583 706; x_wconf 89' lang='lat' dir='ltr'>co-</span> 
     </span>
     <span class='ocr_line' id='line_1_8' title="bbox 162 728 1584 781; baseline 0.001 -17"><span class='ocrx_word' id='word_1_61' title='bbox 162 728 250 765; x_wconf 83' lang='lat' dir='ltr'>mite</span> <span class='ocrx_word' id='word_1_62' title='bbox 271 729 431 777; x_wconf 80' lang='lat' dir='ltr'>Demea,</span> <span class='ocrx_word' id='word_1_63' title='bbox 452 730 647 780; x_wconf 79' lang='lat' dir='ltr'>quoddam</span> <span class='ocrx_word' id='word_1_64' title='bbox 668 731 704 767; x_wconf 89' lang='lat' dir='ltr'>in</span> <span class='ocrx_word' id='word_1_65' title='bbox 724 730 988 781; x_wconf 82' lang='lat' dir='ltr'>gurgustulum</span> <span class='ocrx_word' id='word_1_66' title='bbox 1008 728 1214 775; x_wconf 89' lang='lat' dir='ltr'>abductus,</span> <span class='ocrx_word' id='word_1_67' title='bbox 1235 737 1441 780; x_wconf 86' lang='lat' dir='ltr'>postquam</span> <span class='ocrx_word' id='word_1_68' title='bbox 1467 729 1584 766; x_wconf 87' lang='lat' dir='ltr'>filium</span> 
     </span>
     <span class='ocr_line' id='line_1_9' title="bbox 163 790 1586 845; baseline 0.001 -19"><span class='ocrx_word' id='word_1_69' title='bbox 163 790 289 827; x_wconf 87' lang='lat' dir='ltr'>necari</span> <span class='ocrx_word' id='word_1_70' title='bbox 315 791 475 836; x_wconf 87' lang='lat' dir='ltr'>viderat,</span> <span class='ocrx_word' id='word_1_71' title='bbox 504 793 586 841; x_wconf 84' lang='lat' dir='ltr'>ejus</span> <span class='ocrx_word' id='word_1_72' title='bbox 612 792 792 841; x_wconf 82' lang='lat' dir='ltr'>sanguine</span> <span class='ocrx_word' id='word_1_73' title='bbox 814 803 1057 845; x_wconf 74' lang='lat' dir='ltr'>conspersus,</span> <span class='ocrx_word' id='word_1_74' title='bbox 1080 791 1298 837; x_wconf 82' lang='lat' dir='ltr'>tollebatur,</span> <span class='ocrx_word' id='word_1_75' title='bbox 1322 792 1438 841; x_wconf 89' lang='lat' dir='ltr'>inque</span> <span class='ocrx_word' id='word_1_76' title='bbox 1463 790 1586 828; x_wconf 89' lang='lat' dir='ltr'>lacum</span> 
     </span>
     <span class='ocr_line' id='line_1_10' title="bbox 165 852 1587 904; baseline 0.001 -17"><span class='ocrx_word' id='word_1_77' title='bbox 165 852 519 901; x_wconf 88' lang='lat' dir='ltr'>Amphipolitanum</span> <span class='ocrx_word' id='word_1_78' title='bbox 537 853 723 891; x_wconf 86' lang='lat' dir='ltr'>cadavera</span> <span class='ocrx_word' id='word_1_79' title='bbox 739 853 1054 904; x_wconf 86' lang='lat' dir='ltr'>conjiciebantur,</span> <span class='ocrx_word' id='word_1_80' title='bbox 1067 860 1201 902; x_wconf 86' lang='lat' dir='ltr'>aperto</span> <span class='ocrx_word' id='word_1_81' title='bbox 1216 853 1458 898; x_wconf 89' lang='lat' dir='ltr'>documento,</span> <span class='ocrx_word' id='word_1_82' title='bbox 1473 865 1587 902; x_wconf 90' lang='lat' dir='ltr'>quam</span> 
     </span>
     <span class='ocr_line' id='line_1_11' title="bbox 164 911 1587 964; baseline -0.001 -12"><span class='ocrx_word' id='word_1_83' title='bbox 164 911 299 959; x_wconf 78' lang='lat' dir='ltr'>dignus</span> <span class='ocrx_word' id='word_1_84' title='bbox 326 915 447 951; x_wconf 87' lang='lat' dir='ltr'>exitus</span> <span class='ocrx_word' id='word_1_85' title='bbox 469 914 579 964; x_wconf 84' lang='lat' dir='ltr'>vulgo</span> <span class='ocrx_word' id='word_1_86' title='bbox 604 914 743 964; x_wconf 83' lang='lat' dir='ltr'>flagitia</span> <span class='ocrx_word' id='word_1_87' title='bbox 768 921 962 964; x_wconf 85' lang='lat' dir='ltr'>sequatur.</span> <span class='ocrx_word' id='word_1_88' title='bbox 1020 914 1104 952; x_wconf 89' lang='lat' dir='ltr'>Hac</span> <span class='ocrx_word' id='word_1_89' title='bbox 1131 914 1231 951; x_wconf 88' lang='lat' dir='ltr'>enim</span> <span class='ocrx_word' id='word_1_90' title='bbox 1261 914 1407 951; x_wconf 89' lang='lat' dir='ltr'>ratione</span> <span class='ocrx_word' id='word_1_91' title='bbox 1435 913 1587 951; x_wconf 87' lang='lat' dir='ltr'>tandem</span> 
     </span>
     <span class='ocr_line' id='line_1_12' title="bbox 164 966 1588 1026; baseline -0.002 -12"><span class='ocrx_word' id='word_1_92' title='bbox 164 977 299 1021; x_wconf 85' lang='lat' dir='ltr'>evenit,</span> <span class='ocrx_word' id='word_1_93' title='bbox 316 975 418 1026; x_wconf 89' lang='lat' dir='ltr'>quod</span> <span class='ocrx_word' id='word_1_94' title='bbox 438 975 600 1012; x_wconf 81' lang='lat' dir='ltr'>Demadi</span> <span class='ocrx_word' id='word_1_95' title='bbox 614 966 776 1013; x_wconf 87' lang='lat' dir='ltr'>subinde</span> <span class='ocrx_word' id='word_1_96' title='bbox 795 976 1026 1026; x_wconf 76' lang='lat' dir='ltr'>praedixerat</span> <span class='ocrx_word' id='word_1_97' title='bbox 1048 975 1432 1021; x_wconf 86' lang='lat' dir='ltr'>DemostheneS,sese</span> <span class='ocrx_word' id='word_1_98' title='bbox 1447 974 1588 1024; x_wconf 85' lang='lat' dir='ltr'>primos</span> 
     </span>
     <span class='ocr_line' id='line_1_13' title="bbox 165 1036 1590 1088; baseline -0.002 -12"><span class='ocrx_word' id='word_1_99' title='bbox 165 1038 326 1076; x_wconf 86' lang='lat' dir='ltr'>vendere</span> <span class='ocrx_word' id='word_1_100' title='bbox 356 1036 580 1086; x_wconf 78' lang='lat' dir='ltr'>proditores,</span> <span class='ocrx_word' id='word_1_101' title='bbox 636 1037 817 1075; x_wconf 87' lang='lat' dir='ltr'>Historici</span> <span class='ocrx_word' id='word_1_102' title='bbox 842 1038 945 1088; x_wconf 80' lang='lat' dir='ltr'>necis</span> <span class='ocrx_word' id='word_1_103' title='bbox 964 1044 1158 1076; x_wconf 86' lang='lat' dir='ltr'>auctorem</span> <span class='ocrx_word' id='word_1_104' title='bbox 1179 1037 1316 1087; x_wconf 90' lang='lat' dir='ltr'>partim</span> <span class='ocrx_word' id='word_1_105' title='bbox 1343 1036 1590 1086; x_wconf 83' lang='lat' dir='ltr'>Antipatrum</span> 
     </span>
     <span class='ocr_line' id='line_1_14' title="bbox 166 1097 1591 1149; baseline -0.001 -13"><span class='ocrx_word' id='word_1_106' title='bbox 166 1107 316 1144; x_wconf 85' lang='lat' dir='ltr'>vocant,</span> <span class='ocrx_word' id='word_1_107' title='bbox 340 1099 476 1148; x_wconf 86' lang='lat' dir='ltr'>partim</span> <span class='ocrx_word' id='word_1_108' title='bbox 497 1098 767 1136; x_wconf 88' lang='lat' dir='ltr'>Cassandrum.</span> <span class='ocrx_word' id='word_1_109' title='bbox 824 1101 1026 1149; x_wconf 85' lang='lat' dir='ltr'>Apparens</span> <span class='ocrx_word' id='word_1_110' title='bbox 1056 1105 1182 1137; x_wconf 89' lang='lat' dir='ltr'>autem</span> <span class='ocrx_word' id='word_1_111' title='bbox 1209 1099 1460 1149; x_wconf 85' lang='lat' dir='ltr'>repugnantia</span> <span class='ocrx_word' id='word_1_112' title='bbox 1479 1097 1591 1136; x_wconf 85' lang='lat' dir='ltr'>facile</span> 
     </span>
     <span class='ocr_line' id='line_1_15' title="bbox 167 1159 1590 1210; baseline -0.001 -12"><span class='ocrx_word' id='word_1_113' title='bbox 167 1161 384 1203; x_wconf 89' lang='lat' dir='ltr'>dirimetur;</span> <span class='ocrx_word' id='word_1_114' title='bbox 417 1161 445 1197; x_wconf 90' lang='lat' dir='ltr'>si</span> <span class='ocrx_word' id='word_1_115' title='bbox 470 1160 552 1209; x_wconf 89' lang='lat' dir='ltr'>jam</span> <span class='ocrx_word' id='word_1_116' title='bbox 571 1173 712 1209; x_wconf 83' lang='lat' dir='ltr'>aegrum</span> <span class='ocrx_word' id='word_1_117' title='bbox 739 1167 933 1210; x_wconf 88' lang='lat' dir='ltr'>parentem</span> <span class='ocrx_word' id='word_1_118' title='bbox 964 1160 1043 1198; x_wconf 86' lang='lat' dir='ltr'>filio</span> <span class='ocrx_word' id='word_1_119' title='bbox 1073 1166 1194 1198; x_wconf 83' lang='lat' dir='ltr'>totam</span> <span class='ocrx_word' id='word_1_120' title='bbox 1222 1159 1590 1197; x_wconf 87' lang='lat' dir='ltr'>administrationem</span> 
     </span>
     <span class='ocr_line' id='line_1_16' title="bbox 167 1221 845 1272; baseline 0 -14"><span class='ocrx_word' id='word_1_121' title='bbox 167 1222 312 1272; x_wconf 78' lang='lat' dir='ltr'>imperii</span> <span class='ocrx_word' id='word_1_122' title='bbox 332 1221 531 1259; x_wconf 86' lang='lat' dir='ltr'>tradidisse</span> <span class='ocrx_word' id='word_1_123' title='bbox 552 1221 845 1271; x_wconf 84' lang='lat' dir='ltr'>perpendamus.</span> 
     </span>
    </p>

    <p class='ocr_par' dir='ltr' id='par_1_3' title="bbox 168 1280 1602 2128">
     <span class='ocr_line' id='line_1_17' title="bbox 221 1280 1593 1325; baseline 0.001 -7"><span class='ocrx_word' id='word_1_124' title='bbox 221 1282 288 1320; x_wconf 94' lang='lat' dir='ltr'>VI.</span> <span class='ocrx_word' id='word_1_125' title='bbox 318 1282 421 1325; x_wconf 85' lang='lat' dir='ltr'>Quid</span> <span class='ocrx_word' id='word_1_126' title='bbox 453 1281 583 1318; x_wconf 86' lang='lat' dir='ltr'>infelix</span> <span class='ocrx_word' id='word_1_127' title='bbox 614 1282 686 1319; x_wconf 90' lang='lat' dir='ltr'>iste</span> <span class='ocrx_word' id='word_1_128' title='bbox 714 1281 873 1319; x_wconf 88' lang='lat' dir='ltr'>valuerit</span> <span class='ocrx_word' id='word_1_129' title='bbox 904 1281 941 1319; x_wconf 92' lang='lat' dir='ltr'>in</span> <span class='ocrx_word' id='word_1_130' title='bbox 974 1287 1054 1318; x_wconf 87' lang='lat' dir='ltr'>arte</span> <span class='ocrx_word' id='word_1_131' title='bbox 1083 1281 1250 1325; x_wconf 87' lang='lat' dir='ltr'>dicendi,</span> <span class='ocrx_word' id='word_1_132' title='bbox 1274 1280 1466 1318; x_wconf 82' lang='lat' dir='ltr'>videamus</span> <span class='ocrx_word' id='word_1_133' title='bbox 1491 1294 1593 1319; x_wconf 87' lang='lat' dir='ltr'>nunc</span> 
     </span>
     <span class='ocr_line' id='line_1_18' title="bbox 168 1342 1594 1390; baseline -0.001 -8"><span class='ocrx_word' id='word_1_134' title='bbox 168 1344 398 1382; x_wconf 88' lang='lat' dir='ltr'>brevissime.</span> <span class='ocrx_word' id='word_1_135' title='bbox 454 1343 544 1380; x_wconf 91' lang='lat' dir='ltr'>Non</span> <span class='ocrx_word' id='word_1_136' title='bbox 565 1342 626 1379; x_wconf 81' lang='lat' dir='ltr'>hio</span> <span class='ocrx_word' id='word_1_137' title='bbox 642 1343 808 1388; x_wconf 86' lang='lat' dir='ltr'>afferam,</span> <span class='ocrx_word' id='word_1_138' title='bbox 830 1356 850 1380; x_wconf 92' lang='lat' dir='ltr'>e</span> <span class='ocrx_word' id='word_1_139' title='bbox 870 1342 1064 1380; x_wconf 87' lang='lat' dir='ltr'>Plutarchi</span> <span class='ocrx_word' id='word_1_140' title='bbox 1088 1342 1164 1380; x_wconf 82' lang='lat' dir='ltr'>vita</span> <span class='ocrx_word' id='word_1_141' title='bbox 1186 1342 1457 1380; x_wconf 84' lang='lat' dir='ltr'>Demosthenis</span> <span class='ocrx_word' id='word_1_142' title='bbox 1484 1347 1514 1390; x_wconf 63' lang='grc' dir='ltr'>ξ.</span> <span class='ocrx_word' id='word_1_143' title='bbox 1534 1347 1594 1381; x_wconf 89' lang='grc'>10.</span> 
     </span>
     <span class='ocr_line' id='line_1_19' title="bbox 169 1404 1595 1458; baseline -0.001 -14"><span class='ocrx_word' id='word_1_144' title='bbox 169 1405 400 1458; x_wconf 83' lang='grc' dir='ltr'>ἀμφιβολίαν</span> <span class='ocrx_word' id='word_1_145' title='bbox 419 1405 576 1450; x_wconf 89' lang='lat' dir='ltr'>habens,</span> <span class='ocrx_word' id='word_1_146' title='bbox 598 1404 753 1442; x_wconf 85' lang='lat' dir='ltr'>effatum</span> <span class='ocrx_word' id='word_1_147' title='bbox 781 1404 1052 1454; x_wconf 82' lang='lat' dir='ltr'>Theophrasti,</span> <span class='ocrx_word' id='word_1_148' title='bbox 1075 1405 1155 1453; x_wconf 88' lang='lat' dir='ltr'>qui,</span> <span class='ocrx_word' id='word_1_149' title='bbox 1175 1417 1259 1441; x_wconf 87' lang='lat' dir='ltr'>cum</span> <span class='ocrx_word' id='word_1_150' title='bbox 1288 1404 1595 1454; x_wconf 81' lang='lat' dir='ltr'>interrogaretur,</span> 
     </span>
     <span class='ocr_line' id='line_1_20' title="bbox 170 1464 1598 1519; baseline -0.001 -13"><span class='ocrx_word' id='word_1_151' title='bbox 170 1469 256 1519; x_wconf 91' lang='lat' dir='ltr'>quis</span> <span class='ocrx_word' id='word_1_152' title='bbox 286 1468 357 1506; x_wconf 87' lang='lat' dir='ltr'>sibi</span> <span class='ocrx_word' id='word_1_153' title='bbox 388 1468 578 1505; x_wconf 83' lang='lat' dir='ltr'>videretur</span> <span class='ocrx_word' id='word_1_154' title='bbox 613 1466 891 1504; x_wconf 88' lang='lat' dir='ltr'>Demosthenes</span> <span class='ocrx_word' id='word_1_155' title='bbox 925 1467 1076 1504; x_wconf 69' lang='lat' dir='ltr'>orator!</span> <span class='ocrx_word' id='word_1_156' title='bbox 1118 1465 1335 1515; x_wconf 84' lang='lat' dir='ltr'>respondit:</span> <span class='ocrx_word' id='word_1_157' title='bbox 1366 1464 1510 1516; x_wconf 77' lang='lat' dir='ltr'>dignus</span> <span class='ocrx_word' id='word_1_158' title='bbox 1527 1466 1598 1504; x_wconf 77' lang='lat' dir='ltr'>hac</span> 
     </span>
     <span class='ocr_line' id='line_1_21' title="bbox 170 1525 1597 1579; baseline -0.001 -13"><span class='ocrx_word' id='word_1_159' title='bbox 170 1529 276 1567; x_wconf 83' lang='lat' dir='ltr'>urbe.</span> <span class='ocrx_word' id='word_1_160' title='bbox 332 1529 465 1572; x_wconf 91' lang='lat' dir='ltr'>Qualis</span> <span class='ocrx_word' id='word_1_161' title='bbox 502 1526 717 1566; x_wconf 64' lang='lat' dir='ltr'>Demades?</span> <span class='ocrx_word' id='word_1_162' title='bbox 765 1539 881 1577; x_wconf 81' lang='lat' dir='ltr'>supra</span> <span class='ocrx_word' id='word_1_163' title='bbox 907 1525 1048 1572; x_wconf 83' lang='lat' dir='ltr'>urbem,</span> <span class='ocrx_word' id='word_1_164' title='bbox 1073 1525 1160 1576; x_wconf 76' lang='grc' dir='ltr'>ὑπὲρ</span> <span class='ocrx_word' id='word_1_165' title='bbox 1181 1528 1246 1571; x_wconf 83' lang='grc' dir='ltr'>τὴν</span> <span class='ocrx_word' id='word_1_166' title='bbox 1263 1527 1386 1579; x_wconf 72' lang='grc' dir='ltr'>πόλιν.</span> <span class='ocrx_word' id='word_1_167' title='bbox 1452 1527 1597 1565; x_wconf 90' lang='lat' dir='ltr'>Eadem</span> 
     </span>
     <span class='ocr_line' id='line_1_22' title="bbox 170 1587 1598 1641; baseline -0.001 -13"><span class='ocrx_word' id='word_1_168' title='bbox 170 1590 308 1641; x_wconf 71' lang='lat' dir='ltr'>pagina</span> <span class='ocrx_word' id='word_1_169' title='bbox 327 1589 583 1628; x_wconf 81' lang='lat' dir='ltr'>testimonium</span> <span class='ocrx_word' id='word_1_170' title='bbox 602 1589 707 1638; x_wconf 82' lang='lat' dir='ltr'>lego:</span> <span class='ocrx_word' id='word_1_171' title='bbox 737 1587 848 1633; x_wconf 87' lang='grc' dir='ltr'>Πλὴν</span> <span class='ocrx_word' id='word_1_172' title='bbox 872 1589 933 1625; x_wconf 84' lang='grc' dir='ltr'>τόν</span> <span class='ocrx_word' id='word_1_173' title='bbox 953 1603 995 1636; x_wconf 78' lang='grc' dir='ltr'>γε</span> <span class='ocrx_word' id='word_1_174' title='bbox 1014 1587 1188 1638; x_wconf 77' lang='grc' dir='ltr'>Δημάδην</span> <span class='ocrx_word' id='word_1_175' title='bbox 1215 1587 1354 1629; x_wconf 74' lang='grc' dir='ltr'>πάντες</span> <span class='ocrx_word' id='word_1_176' title='bbox 1383 1590 1598 1638; x_wconf 85' lang='grc' dir='ltr'>ὡμολόγουν</span> 
     </span>
     <span class='ocr_line' id='line_1_23' title="bbox 171 1648 1598 1707; baseline -0.004 -15"><span class='ocrx_word' id='word_1_177' title='bbox 171 1656 214 1707; x_wconf 80' lang='grc' dir='ltr'>τῇ</span> <span class='ocrx_word' id='word_1_178' title='bbox 249 1654 352 1705; x_wconf 73' lang='grc' dir='ltr'>φύσει</span> <span class='ocrx_word' id='word_1_179' title='bbox 370 1654 560 1706; x_wconf 78' lang='grc' dir='ltr'>χρώμενον</span> <span class='ocrx_word' id='word_1_180' title='bbox 578 1651 751 1696; x_wconf 77' lang='grc' dir='ltr'>ἀνίκητον</span> <span class='ocrx_word' id='word_1_181' title='bbox 770 1648 878 1695; x_wconf 77' lang='grc' dir='ltr'>εἶναι,</span> <span class='ocrx_word' id='word_1_182' title='bbox 898 1650 955 1686; x_wconf 74' lang='grc' dir='ltr'>καὶ</span> <span class='ocrx_word' id='word_1_183' title='bbox 978 1652 1201 1700; x_wconf 81' lang='grc' dir='ltr'>παραφέρειν</span> <span class='ocrx_word' id='word_1_184' title='bbox 1228 1648 1340 1686; x_wconf 76' lang='grc' dir='ltr'>αὑτὸν</span> <span class='ocrx_word' id='word_1_185' title='bbox 1361 1649 1598 1700; x_wconf 73' lang='grc' dir='ltr'>σχεόιᾶζοντα</span> 
     </span>
     <span class='ocr_line' id='line_1_24' title="bbox 170 1710 1596 1766; baseline -0.004 -13"><span class='ocrx_word' id='word_1_186' title='bbox 170 1717 237 1757; x_wconf 72' lang='grc' dir='ltr'>τὰς</span> <span class='ocrx_word' id='word_1_187' title='bbox 267 1721 330 1753; x_wconf 85' lang='grc' dir='ltr'>τοῦ</span> <span class='ocrx_word' id='word_1_188' title='bbox 357 1712 615 1766; x_wconf 61' lang='grc' dir='ltr'>Δημοσθένους</span> <span class='ocrx_word' id='word_1_189' title='bbox 647 1712 787 1761; x_wconf 72' lang='grc' dir='ltr'>σκέψεις</span> <span class='ocrx_word' id='word_1_190' title='bbox 824 1712 881 1747; x_wconf 86' lang='grc' dir='ltr'>καὶ</span> <span class='ocrx_word' id='word_1_191' title='bbox 915 1711 1162 1761; x_wconf 82' lang='grc' dir='ltr'><strong><em>παρασκευάς·</em></strong></span> <span class='ocrx_word' id='word_1_192' title='bbox 1193 1710 1331 1760; x_wconf 90' lang='lat' dir='ltr'>quibus</span> <span class='ocrx_word' id='word_1_193' title='bbox 1357 1710 1479 1748; x_wconf 87' lang='lat' dir='ltr'>verbis</span> <span class='ocrx_word' id='word_1_194' title='bbox 1519 1711 1596 1748; x_wconf 89' lang='lat' dir='ltr'>elo-</span> 
     </span>
     <span class='ocr_line' id='line_1_25' title="bbox 172 1770 1597 1826; baseline -0.003 -13"><span class='ocrx_word' id='word_1_195' title='bbox 172 1776 328 1825; x_wconf 85' lang='lat' dir='ltr'>quentia</span> <span class='ocrx_word' id='word_1_196' title='bbox 355 1787 508 1826; x_wconf 87' lang='lat' dir='ltr'>prorsus</span> <span class='ocrx_word' id='word_1_197' title='bbox 542 1773 696 1818; x_wconf 89' lang='lat' dir='ltr'>invicta,</span> <span class='ocrx_word' id='word_1_198' title='bbox 724 1784 887 1822; x_wconf 86' lang='lat' dir='ltr'>quaeque</span> <span class='ocrx_word' id='word_1_199' title='bbox 912 1772 971 1809; x_wconf 91' lang='lat' dir='ltr'>vel</span> <span class='ocrx_word' id='word_1_200' title='bbox 997 1770 1335 1808; x_wconf 82' lang='lat' dir='ltr'>Demosthenieam</span> <span class='ocrx_word' id='word_1_201' title='bbox 1367 1771 1597 1820; x_wconf 87' lang='lat' dir='ltr'>provocarit,</span> 
     </span>
     <span class='ocr_line' id='line_1_26' title="bbox 173 1831 1597 1888; baseline -0.003 -14"><span class='ocrx_word' id='word_1_202' title='bbox 173 1837 347 1888; x_wconf 85' lang='lat' dir='ltr'>quamvis</span> <span class='ocrx_word' id='word_1_203' title='bbox 376 1834 649 1886; x_wconf 86' lang='lat' dir='ltr'>extemporalis</span> <span class='ocrx_word' id='word_1_204' title='bbox 677 1833 788 1879; x_wconf 83' lang='lat' dir='ltr'>soret,</span> <span class='ocrx_word' id='word_1_205' title='bbox 820 1832 850 1870; x_wconf 89' lang='lat' dir='ltr'>si</span> <span class='ocrx_word' id='word_1_206' title='bbox 881 1832 972 1883; x_wconf 87' lang='lat' dir='ltr'>quid</span> <span class='ocrx_word' id='word_1_207' title='bbox 1001 1831 1187 1877; x_wconf 88' lang='lat' dir='ltr'>videmus,</span> <span class='ocrx_word' id='word_1_208' title='bbox 1222 1831 1384 1869; x_wconf 85' lang='lat' dir='ltr'>Demadi</span> <span class='ocrx_word' id='word_1_209' title='bbox 1406 1832 1597 1870; x_wconf 88' lang='lat' dir='ltr'>tribuitur.</span> 
     </span>
     <span class='ocr_line' id='line_1_27' title="bbox 172 1893 1598 1949; baseline -0.004 -12"><span class='ocrx_word' id='word_1_210' title='bbox 172 1900 235 1938; x_wconf 88' lang='lat' dir='ltr'>Ab</span> <span class='ocrx_word' id='word_1_211' title='bbox 256 1911 447 1949; x_wconf 84' lang='lat' dir='ltr'>anonymo</span> <span class='ocrx_word' id='word_1_212' title='bbox 474 1896 511 1934; x_wconf 93' lang='lat' dir='ltr'>in</span> <span class='ocrx_word' id='word_1_213' title='bbox 531 1896 677 1946; x_wconf 86' lang='lat' dir='ltr'>proleg.</span> <span class='ocrx_word' id='word_1_214' title='bbox 697 1895 795 1932; x_wconf 88' lang='lat' dir='ltr'>rhet.</span> <span class='ocrx_word' id='word_1_215' title='bbox 823 1893 924 1944; x_wconf 88' lang='lat' dir='ltr'>apud</span> <span class='ocrx_word' id='word_1_216' title='bbox 948 1893 1096 1932; x_wconf 86' lang='lat' dir='ltr'>Fabric.</span> <span class='ocrx_word' id='word_1_217' title='bbox 1121 1894 1164 1930; x_wconf 90' lang='grc' dir='ltr'>Β.</span> <span class='ocrx_word' id='word_1_218' title='bbox 1184 1893 1255 1930; x_wconf 74' lang='lat' dir='ltr'>Gr.</span> <span class='ocrx_word' id='word_1_219' title='bbox 1274 1893 1324 1929; x_wconf 81' lang='grc' dir='ltr'>Τ.</span> <span class='ocrx_word' id='word_1_220' title='bbox 1346 1893 1414 1931; x_wconf 89' lang='grc' dir='ltr'>ΙΧ.</span> <span class='ocrx_word' id='word_1_221' title='bbox 1442 1905 1480 1942; x_wconf 90' lang='lat' dir='ltr'>p.</span> <span class='ocrx_word' id='word_1_222' title='bbox 1508 1897 1598 1931; x_wconf 82' lang='lat'>598.</span> 
     </span>
     <span class='ocr_line' id='line_1_28' title="bbox 173 1955 1599 2009; baseline -0.006 -10"><span class='ocrx_word' id='word_1_223' title='bbox 173 1961 296 2000; x_wconf 81' lang='lat' dir='ltr'>eidem</span> <span class='ocrx_word' id='word_1_224' title='bbox 315 1966 353 1997; x_wconf 85' lang='lat' dir='ltr'>et</span> <span class='ocrx_word' id='word_1_225' title='bbox 373 1958 617 1997; x_wconf 89' lang='lat' dir='ltr'>Aristodemo</span> <span class='ocrx_word' id='word_1_226' title='bbox 637 1957 849 1994; x_wconf 86' lang='lat' dir='ltr'>vindicatur</span> <span class='ocrx_word' id='word_1_227' title='bbox 874 1955 996 1992; x_wconf 90' lang='lat' dir='ltr'>oratio</span> <span class='ocrx_word' id='word_1_228' title='bbox 1026 1956 1267 2005; x_wconf 82' lang='grc' dir='ltr'>ἀντίστροφος</span> <span class='ocrx_word' id='word_1_229' title='bbox 1292 1957 1335 2008; x_wconf 78' lang='grc' dir='ltr'>τῇ</span> <span class='ocrx_word' id='word_1_230' title='bbox 1355 1957 1599 2009; x_wconf 76' lang='grc' dir='ltr'>κολακευτικῇ,</span> 
     </span>
     <span class='ocr_line' id='line_1_29' title="bbox 175 2014 1601 2072; baseline -0.008 -12"><span class='ocrx_word' id='word_1_231' title='bbox 175 2035 288 2072; x_wconf 91' lang='lat' dir='ltr'>quam</span> <span class='ocrx_word' id='word_1_232' title='bbox 310 2021 398 2058; x_wconf 87' lang='lat' dir='ltr'>licet</span> <span class='ocrx_word' id='word_1_233' title='bbox 418 2019 587 2069; x_wconf 81' lang='lat' dir='ltr'>quintam</span> <span class='ocrx_word' id='word_1_234' title='bbox 607 2016 809 2054; x_wconf 76' lang='lat' dir='ltr'>rhetoricae</span> <span class='ocrx_word' id='word_1_235' title='bbox 830 2015 991 2053; x_wconf 84' lang='lat' dir='ltr'>formam</span> <span class='ocrx_word' id='word_1_236' title='bbox 1012 2015 1236 2059; x_wconf 88' lang='lat' dir='ltr'>constituat,</span> <span class='ocrx_word' id='word_1_237' title='bbox 1258 2014 1339 2063; x_wconf 86' lang='lat' dir='ltr'>ipse</span> <span class='ocrx_word' id='word_1_238' title='bbox 1360 2020 1484 2051; x_wconf 89' lang='lat' dir='ltr'>tamen</span> <span class='ocrx_word' id='word_1_239' title='bbox 1507 2027 1601 2064; x_wconf 86' lang='lat' dir='ltr'>prae-</span> 
     </span>
     <span class='ocr_line' id='line_1_30' title="bbox 174 2074 1602 2128; baseline -0.006 -8"><span class='ocrx_word' id='word_1_240' title='bbox 174 2083 273 2120; x_wconf 87' lang='lat' dir='ltr'>terit.</span> <span class='ocrx_word' id='word_1_241' title='bbox 329 2083 381 2118; x_wconf 87' lang='lat' dir='ltr'>At</span> <span class='ocrx_word' id='word_1_242' title='bbox 395 2080 453 2117; x_wconf 92' lang='lat' dir='ltr'>vel</span> <span class='ocrx_word' id='word_1_243' title='bbox 469 2079 557 2117; x_wconf 83' lang='lat' dir='ltr'>inde</span> <span class='ocrx_word' id='word_1_244' title='bbox 576 2084 695 2128; x_wconf 86' lang='lat' dir='ltr'>patet,</span> <span class='ocrx_word' id='word_1_245' title='bbox 713 2082 898 2127; x_wconf 90' lang='lat' dir='ltr'>quatenus</span> <span class='ocrx_word' id='word_1_246' title='bbox 917 2089 939 2113; x_wconf 88' lang='lat' dir='ltr'>a</span> <span class='ocrx_word' id='word_1_247' title='bbox 958 2075 1132 2122; x_wconf 90' lang='lat' dir='ltr'>Diodoro</span> <span class='ocrx_word' id='word_1_248' title='bbox 1150 2074 1231 2112; x_wconf 85' lang='lat' dir='ltr'>Sic.</span> <span class='ocrx_word' id='word_1_249' title='bbox 1248 2074 1378 2112; x_wconf 88' lang='lat' dir='ltr'>XVII.</span> <span class='ocrx_word' id='word_1_250' title='bbox 1399 2078 1461 2112; x_wconf 78' lang='lat'>15.</span> <span class='ocrx_word' id='word_1_251' title='bbox 1481 2077 1524 2127; x_wconf 79' lang='grc' dir='ltr'>τῇ</span> <span class='ocrx_word' id='word_1_252' title='bbox 1539 2083 1602 2113; x_wconf 79' lang='grc' dir='ltr'>τοῦ</span> 
     </span>
    </p>
   </div>
   <div class='ocr_carea' id='block_1_3' title="bbox 174 2128 1664 2190">
    <p class='ocr_par' dir='ltr' id='par_1_4' title="bbox 174 2128 1664 2190">
     <span class='ocr_line' id='line_1_31' title="bbox 174 2128 1664 2190; baseline -0.005 -10"><span class='ocrx_word' id='word_1_253' title='bbox 174 2145 287 2190; x_wconf 84' lang='grc' dir='ltr'>λόγου</span> <span class='ocrx_word' id='word_1_254' title='bbox 307 2142 479 2187; x_wconf 80' lang='grc' dir='ltr'>δεινότητι</span> <span class='ocrx_word' id='word_1_255' title='bbox 498 2141 619 2177; x_wconf 77' lang='grc' dir='ltr'>πάντα</span> <span class='ocrx_word' id='word_1_256' title='bbox 639 2137 957 2189; x_wconf 77' lang='grc' dir='ltr'>κατεργασάμενος</span> <span class='ocrx_word' id='word_1_257' title='bbox 972 2136 1201 2187; x_wconf 82' lang='lat' dir='ltr'>appelletur.</span> <span class='ocrx_word' id='word_1_258' title='bbox 1258 2134 1357 2179; x_wconf 83' lang='lat' dir='ltr'>Quia</span> <span class='ocrx_word' id='word_1_259' title='bbox 1373 2148 1461 2172; x_wconf 85' lang='lat' dir='ltr'>vero</span> <span class='ocrx_word' id='word_1_260' title='bbox 1473 2135 1603 2185; x_wconf 90' lang='lat' dir='ltr'>potior</span> <span class='ocrx_word' id='word_1_261' title='bbox 1659 2128 1664 2135; x_wconf 49' lang='lat'>¹</span> 
     </span>
    </p>
   </div>
   <div class='ocr_carea' id='block_1_4' title="bbox 173 2197 1604 3047">
    <p class='ocr_par' dir='ltr' id='par_1_5' title="bbox 173 2197 1601 2304">
     <span class='ocr_line' id='line_1_32' title="bbox 173 2197 1601 2256; baseline -0.007 -13"><span class='ocrx_word' id='word_1_262' title='bbox 173 2205 421 2256; x_wconf 86' lang='lat' dir='ltr'>plurimorum</span> <span class='ocrx_word' id='word_1_263' title='bbox 440 2204 521 2241; x_wconf 85' lang='lat' dir='ltr'>laus</span> <span class='ocrx_word' id='word_1_264' title='bbox 540 2200 586 2248; x_wconf 85' lang='lat' dir='ltr'>ad</span> <span class='ocrx_word' id='word_1_265' title='bbox 609 2200 703 2238; x_wconf 88' lang='lat' dir='ltr'>sales</span> <span class='ocrx_word' id='word_1_266' title='bbox 724 2199 907 2237; x_wconf 86' lang='lat' dir='ltr'>Demadis</span> <span class='ocrx_word' id='word_1_267' title='bbox 924 2199 1111 2250; x_wconf 84' lang='lat' dir='ltr'>pertinet:</span> <span class='ocrx_word' id='word_1_268' title='bbox 1140 2203 1279 2235; x_wconf 84' lang='lat' dir='ltr'>coetera</span> <span class='ocrx_word' id='word_1_269' title='bbox 1296 2197 1471 2247; x_wconf 88' lang='lat' dir='ltr'>sequenti</span> <span class='ocrx_word' id='word_1_270' title='bbox 1485 2210 1601 2235; x_wconf 88' lang='lat' dir='ltr'>mem-</span> 
     </span>
     <span class='ocr_line' id='line_1_33' title="bbox 175 2261 698 2304; baseline -0.008 0"><span class='ocrx_word' id='word_1_271' title='bbox 175 2267 243 2304; x_wconf 89' lang='lat' dir='ltr'>bro</span> <span class='ocrx_word' id='word_1_272' title='bbox 263 2267 501 2304; x_wconf 83' lang='lat' dir='ltr'>misceamus.</span> <span class='ocrx_word' id='word_1_273' title='bbox 694 2261 698 2265; x_wconf 77' lang='grc'><strong>’</strong></span> 
     </span>
    </p>

    <p class='ocr_par' dir='ltr' id='par_1_6' title="bbox 175 2320 1604 3047">
     <span class='ocr_line' id='line_1_34' title="bbox 227 2320 1601 2373; baseline -0.005 -7"><span class='ocrx_word' id='word_1_274' title='bbox 227 2329 317 2366; x_wconf 91' lang='lat' dir='ltr'>V11.</span> <span class='ocrx_word' id='word_1_275' title='bbox 345 2327 547 2373; x_wconf 84' lang='lat' dir='ltr'>Nimirum,</span> <span class='ocrx_word' id='word_1_276' title='bbox 581 2324 680 2363; x_wconf 88' lang='lat' dir='ltr'>haud</span> <span class='ocrx_word' id='word_1_277' title='bbox 717 2322 797 2361; x_wconf 91' lang='lat' dir='ltr'>sine</span> <span class='ocrx_word' id='word_1_278' title='bbox 828 2336 953 2367; x_wconf 86' lang='lat' dir='ltr'>causa,</span> <span class='ocrx_word' id='word_1_279' title='bbox 985 2322 1182 2372; x_wconf 88' lang='lat' dir='ltr'>placuerat</span> <span class='ocrx_word' id='word_1_280' title='bbox 1212 2320 1428 2370; x_wconf 82' lang='lat' dir='ltr'>singulatim</span> <span class='ocrx_word' id='word_1_281' title='bbox 1458 2320 1601 2360; x_wconf 90' lang='lat' dir='ltr'>Atticis</span> 
     </span>
     <span class='ocr_line' id='line_1_35' title="bbox 175 2382 1602 2435; baseline -0.006 -7"><span class='ocrx_word' id='word_1_282' title='bbox 175 2390 343 2435; x_wconf 88' lang='lat' dir='ltr'>auribus,</span> <span class='ocrx_word' id='word_1_283' title='bbox 376 2395 418 2426; x_wconf 86' lang='lat' dir='ltr'>ut</span> <span class='ocrx_word' id='word_1_284' title='bbox 449 2401 534 2425; x_wconf 89' lang='lat' dir='ltr'>cnm</span> <span class='ocrx_word' id='word_1_285' title='bbox 567 2387 716 2424; x_wconf 85' lang='lat' dir='ltr'>Tzetzae</span> <span class='ocrx_word' id='word_1_286' title='bbox 749 2383 850 2422; x_wconf 90' lang='lat' dir='ltr'>Chil.</span> <span class='ocrx_word' id='word_1_287' title='bbox 872 2384 921 2421; x_wconf 92' lang='lat' dir='ltr'>V.</span> <span class='ocrx_word' id='word_1_288' title='bbox 943 2397 977 2422; x_wconf 93' lang='lat' dir='ltr'>v.</span> <span class='ocrx_word' id='word_1_289' title='bbox 1003 2387 1093 2421; x_wconf 76' lang='lat'>345.</span> <span class='ocrx_word' id='word_1_290' title='bbox 1123 2396 1180 2433; x_wconf 90' lang='lat' dir='ltr'>sq.</span> <span class='ocrx_word' id='word_1_291' title='bbox 1207 2382 1427 2432; x_wconf 88' lang='lat' dir='ltr'>loquamur:</span> <span class='ocrx_word' id='word_1_292' title='bbox 1465 2383 1602 2434; x_wconf 83' lang='grc' dir='ltr'>Ῥήτωρ</span> 
     </span>
     <span class='ocr_line' id='line_1_36' title="bbox 175 2444 1602 2503; baseline -0.006 -14"><span class='ocrx_word' id='word_1_293' title='bbox 175 2455 306 2503; x_wconf 82' lang='grc' dir='ltr'>ὡραῖος</span> <span class='ocrx_word' id='word_1_294' title='bbox 325 2450 464 2494; x_wconf 82' lang='grc' dir='ltr'>κάλλει,</span> <span class='ocrx_word' id='word_1_295' title='bbox 482 2447 590 2486; x_wconf 72' lang='grc' dir='ltr'>Πολι)</span> <span class='ocrx_word' id='word_1_296' title='bbox 609 2446 644 2485; x_wconf 70' lang='grc' dir='ltr'>δὲ</span> <span class='ocrx_word' id='word_1_297' title='bbox 661 2447 871 2497; x_wconf 78' lang='grc' dir='ltr'>ὡραιότερος</span> <span class='ocrx_word' id='word_1_298' title='bbox 885 2444 1185 2498; x_wconf 59' lang='grc' dir='ltr'>ἀποφθεγμάτων</span> <span class='ocrx_word' id='word_1_299' title='bbox 1201 2445 1342 2492; x_wconf 80' lang='grc' dir='ltr'>λόγοις.</span> <span class='ocrx_word' id='word_1_300' title='bbox 1389 2444 1602 2482; x_wconf 77' lang='lat' dir='ltr'>Sententias</span> 
     </span>
     <span class='ocr_line' id='line_1_37' title="bbox 175 2506 1604 2562; baseline -0.005 -11"><span class='ocrx_word' id='word_1_301' title='bbox 175 2513 373 2556; x_wconf 81' lang='lat' dir='ltr'>Demadis,</span> <span class='ocrx_word' id='word_1_302' title='bbox 401 2525 546 2562; x_wconf 86' lang='lat' dir='ltr'>graves,</span> <span class='ocrx_word' id='word_1_303' title='bbox 579 2510 793 2556; x_wconf 83' lang='lat' dir='ltr'>translatas,</span> <span class='ocrx_word' id='word_1_304' title='bbox 823 2514 862 2546; x_wconf 86' lang='lat' dir='ltr'>et</span> <span class='ocrx_word' id='word_1_305' title='bbox 894 2509 931 2545; x_wconf 93' lang='lat' dir='ltr'>in</span> <span class='ocrx_word' id='word_1_306' title='bbox 959 2508 1041 2558; x_wconf 89' lang='lat' dir='ltr'>ipsa</span> <span class='ocrx_word' id='word_1_307' title='bbox 1069 2506 1256 2561; x_wconf 78' lang='grc' dir='ltr'>ὑπερβολῇ</span> <span class='ocrx_word' id='word_1_308' title='bbox 1274 2506 1464 2555; x_wconf 85' lang='lat' dir='ltr'>singulare</span> <span class='ocrx_word' id='word_1_309' title='bbox 1494 2507 1604 2557; x_wconf 88' lang='lat' dir='ltr'>quid-</span> 
     </span>
     <span class='ocr_line' id='line_1_38' title="bbox 177 2568 1602 2625; baseline -0.006 -12"><span class='ocrx_word' id='word_1_310' title='bbox 177 2588 289 2625; x_wconf 88' lang='lat' dir='ltr'>quam</span> <span class='ocrx_word' id='word_1_311' title='bbox 316 2574 511 2619; x_wconf 81' lang='lat' dir='ltr'>habentes,</span> <span class='ocrx_word' id='word_1_312' title='bbox 531 2578 643 2610; x_wconf 86' lang='lat' dir='ltr'>vocat</span> <span class='ocrx_word' id='word_1_313' title='bbox 666 2572 882 2609; x_wconf 87' lang='lat' dir='ltr'>Demetrius</span> <span class='ocrx_word' id='word_1_314' title='bbox 902 2572 984 2621; x_wconf 86' lang='grc' dir='ltr'>περὶ</span> <span class='ocrx_word' id='word_1_315' title='bbox 1004 2571 1083 2620; x_wconf 81' lang='grc' dir='ltr'>ἑρμ.</span> <span class='ocrx_word' id='word_1_316' title='bbox 1106 2572 1136 2615; x_wconf 61' lang='grc' dir='ltr'>ξ.</span> <span class='ocrx_word' id='word_1_317' title='bbox 1159 2572 1249 2605; x_wconf 88' lang='grc'><strong>300.</strong></span> <span class='ocrx_word' id='word_1_318' title='bbox 1265 2581 1354 2618; x_wconf 89' lang='lat' dir='ltr'>sqq.</span> <span class='ocrx_word' id='word_1_319' title='bbox 1377 2568 1602 2618; x_wconf 89' lang='lat' dir='ltr'>illarumque</span> 
     </span>
     <span class='ocr_line' id='line_1_39' title="bbox 176 2629 1603 2687; baseline -0.005 -13"><span class='ocrx_word' id='word_1_320' title='bbox 176 2636 349 2687; x_wconf 84' lang='lat' dir='ltr'>pluribus</span> <span class='ocrx_word' id='word_1_321' title='bbox 379 2634 568 2678; x_wconf 85' lang='lat' dir='ltr'>collectis,</span> <span class='ocrx_word' id='word_1_322' title='bbox 590 2633 660 2670; x_wconf 88' lang='lat' dir='ltr'>sub</span> <span class='ocrx_word' id='word_1_323' title='bbox 677 2631 789 2670; x_wconf 88' lang='lat' dir='ltr'>finem</span> <span class='ocrx_word' id='word_1_324' title='bbox 810 2631 999 2682; x_wconf 82' lang='lat' dir='ltr'>adjungit,</span> <span class='ocrx_word' id='word_1_325' title='bbox 1023 2629 1208 2668; x_wconf 86' lang='lat' dir='ltr'>Demadis</span> <span class='ocrx_word' id='word_1_326' title='bbox 1229 2629 1454 2680; x_wconf 84' lang='lat' dir='ltr'>gravitatem</span> <span class='ocrx_word' id='word_1_327' title='bbox 1474 2635 1603 2667; x_wconf 89' lang='lat' dir='ltr'>osten-</span> 
     </span>
     <span class='ocr_line' id='line_1_40' title="bbox 177 2690 1601 2745; baseline -0.006 -10"><span class='ocrx_word' id='word_1_328' title='bbox 177 2697 266 2735; x_wconf 90' lang='lat' dir='ltr'>dere</span> <span class='ocrx_word' id='word_1_329' title='bbox 286 2710 360 2734; x_wconf 90' lang='lat' dir='ltr'>non</span> <span class='ocrx_word' id='word_1_330' title='bbox 382 2696 474 2733; x_wconf 87' lang='lat' dir='ltr'>nihil</span> <span class='ocrx_word' id='word_1_331' title='bbox 494 2694 711 2745; x_wconf 86' lang='lat' dir='ltr'>periculosi,</span> <span class='ocrx_word' id='word_1_332' title='bbox 734 2693 927 2731; x_wconf 88' lang='lat' dir='ltr'>difficilem</span> <span class='ocrx_word' id='word_1_333' title='bbox 944 2691 1104 2736; x_wconf 88' lang='lat' dir='ltr'>imitatu,</span> <span class='ocrx_word' id='word_1_334' title='bbox 1119 2691 1236 2742; x_wconf 63' lang='lat' dir='ltr'>quid?</span> <span class='ocrx_word' id='word_1_335' title='bbox 1266 2691 1454 2742; x_wconf 88' lang='lat' dir='ltr'>poeticam</span> <span class='ocrx_word' id='word_1_336' title='bbox 1475 2690 1601 2740; x_wconf 80' lang='lat' dir='ltr'>plane.</span> 
     </span>
     <span class='ocr_line' id='line_1_41' title="bbox 178 2751 1602 2802; baseline -0.006 -7"><span class='ocrx_word' id='word_1_337' title='bbox 178 2758 327 2795; x_wconf 86' lang='lat' dir='ltr'>Laudat</span> <span class='ocrx_word' id='word_1_338' title='bbox 359 2757 509 2795; x_wconf 89' lang='lat' dir='ltr'>easdem</span> <span class='ocrx_word' id='word_1_339' title='bbox 539 2756 689 2802; x_wconf 90' lang='lat' dir='ltr'>Cicero,</span> <span class='ocrx_word' id='word_1_340' title='bbox 710 2754 799 2792; x_wconf 87' lang='lat' dir='ltr'>dum</span> <span class='ocrx_word' id='word_1_341' title='bbox 825 2753 861 2790; x_wconf 88' lang='lat' dir='ltr'>in</span> <span class='ocrx_word' id='word_1_342' title='bbox 883 2754 1047 2791; x_wconf 87' lang='lat' dir='ltr'>Oratore</span> <span class='ocrx_word' id='word_1_343' title='bbox 1067 2755 1131 2790; x_wconf 85' lang='lat'>26.</span> <span class='ocrx_word' id='word_1_344' title='bbox 1152 2756 1215 2790; x_wconf 80' lang='lat'>90.</span> <span class='ocrx_word' id='word_1_345' title='bbox 1245 2757 1327 2790; x_wconf 88' lang='lat' dir='ltr'>“ex</span> <span class='ocrx_word' id='word_1_346' title='bbox 1354 2751 1492 2788; x_wconf 91' lang='lat' dir='ltr'>Atticis</span> <span class='ocrx_word' id='word_1_347' title='bbox 1519 2751 1602 2798; x_wconf 90' lang='lat' dir='ltr'>(ait)</span> 
     </span>
     <span class='ocr_line' id='line_1_42' title="bbox 178 2813 1601 2868; baseline -0.006 -13"><span class='ocrx_word' id='word_1_348' title='bbox 178 2830 252 2854; x_wconf 91' lang='lat' dir='ltr'>non</span> <span class='ocrx_word' id='word_1_349' title='bbox 271 2831 401 2855; x_wconf 90' lang='lat' dir='ltr'>omnes</span> <span class='ocrx_word' id='word_1_350' title='bbox 419 2817 546 2863; x_wconf 70' lang='lat' dir='ltr'>faceti,</span> <span class='ocrx_word' id='word_1_351' title='bbox 565 2816 694 2868; x_wconf 87' lang='lat' dir='ltr'>Lysias</span> <span class='ocrx_word' id='word_1_352' title='bbox 711 2815 799 2853; x_wconf 88' lang='lat' dir='ltr'>satis</span> <span class='ocrx_word' id='word_1_353' title='bbox 820 2820 856 2851; x_wconf 83' lang='lat' dir='ltr'>et</span> <span class='ocrx_word' id='word_1_354' title='bbox 875 2813 1106 2864; x_wconf 83' lang='lat' dir='ltr'>Hyperides,</span> <span class='ocrx_word' id='word_1_355' title='bbox 1125 2813 1314 2852; x_wconf 87' lang='lat' dir='ltr'>Demades</span> <span class='ocrx_word' id='word_1_356' title='bbox 1333 2817 1471 2863; x_wconf 78' lang='lat' dir='ltr'>praeter</span> <span class='ocrx_word' id='word_1_357' title='bbox 1485 2817 1601 2848; x_wconf 85' lang='lat' dir='ltr'>caete-</span> 
     </span>
     <span class='ocr_line' id='line_1_43' title="bbox 179 2874 1601 2927; baseline -0.002 -13"><span class='ocrx_word' id='word_1_358' title='bbox 179 2890 239 2914; x_wconf 89' lang='lat' dir='ltr'>ros</span> <span class='ocrx_word' id='word_1_359' title='bbox 259 2877 420 2914; x_wconf 85' lang='lat' dir='ltr'>fertur.&#39;’·</span> <span class='ocrx_word' id='word_1_360' title='bbox 467 2878 607 2927; x_wconf 88' lang='lat' dir='ltr'>Neque</span> <span class='ocrx_word' id='word_1_361' title='bbox 636 2876 863 2915; x_wconf 86' lang='lat' dir='ltr'>dissentiunt</span> <span class='ocrx_word' id='word_1_362' title='bbox 892 2874 1050 2912; x_wconf 86' lang='lat' dir='ltr'>Vossius</span> <span class='ocrx_word' id='word_1_363' title='bbox 1084 2874 1220 2913; x_wconf 88' lang='lat' dir='ltr'>institt.</span> <span class='ocrx_word' id='word_1_364' title='bbox 1251 2888 1306 2912; x_wconf 91' lang='lat' dir='ltr'>or.</span> <span class='ocrx_word' id='word_1_365' title='bbox 1336 2874 1405 2909; x_wconf 91' lang='lat' dir='ltr'>VI.</span> <span class='ocrx_word' id='word_1_366' title='bbox 1434 2877 1472 2912; x_wconf 75' lang='lat'>7.</span> <span class='ocrx_word' id='word_1_367' title='bbox 1499 2875 1535 2908; x_wconf 82' lang='lat'>8·</span> <span class='ocrx_word' id='word_1_368' title='bbox 1561 2877 1601 2909; x_wconf 84' lang='lat' dir='ltr'>et</span> 
     </span>
     <span class='ocr_line' id='line_1_44' title="bbox 179 2930 1598 2984; baseline -0.004 -10"><span class='ocrx_word' id='word_1_369' title='bbox 179 2937 307 2975; x_wconf 87' lang='lat' dir='ltr'>Nicol.</span> <span class='ocrx_word' id='word_1_370' title='bbox 327 2937 502 2975; x_wconf 86' lang='lat' dir='ltr'>Caussin.</span> <span class='ocrx_word' id='word_1_371' title='bbox 523 2940 556 2976; x_wconf 93' lang='grc' dir='ltr'>Ι.</span> <span class='ocrx_word' id='word_1_372' title='bbox 576 2944 640 2979; x_wconf 84' lang='grc'>34.</span> <span class='ocrx_word' id='word_1_373' title='bbox 695 2938 793 2982; x_wconf 83' lang='lat' dir='ltr'>Quae</span> <span class='ocrx_word' id='word_1_374' title='bbox 813 2950 899 2975; x_wconf 90' lang='lat' dir='ltr'>cum</span> <span class='ocrx_word' id='word_1_375' title='bbox 913 2935 965 2974; x_wconf 89' lang='lat' dir='ltr'>ita</span> <span class='ocrx_word' id='word_1_376' title='bbox 984 2930 1218 2982; x_wconf 86' lang='lat' dir='ltr'>sint‚notatu</span> <span class='ocrx_word' id='word_1_377' title='bbox 1234 2933 1424 2984; x_wconf 85' lang='lat' dir='ltr'>digniores</span> <span class='ocrx_word' id='word_1_378' title='bbox 1439 2931 1598 2980; x_wconf 89' lang='lat' dir='ltr'>aliquas,</span> 
     </span>
     <span class='ocr_line' id='line_1_45' title="bbox 179 2992 1598 3047; baseline -0.006 -11"><span class='ocrx_word' id='word_1_379' title='bbox 179 2998 339 3047; x_wconf 83' lang='lat' dir='ltr'>exempli</span> <span class='ocrx_word' id='word_1_380' title='bbox 356 3010 484 3044; x_wconf 82' lang='lat' dir='ltr'>causa,</span> <span class='ocrx_word' id='word_1_381' title='bbox 499 2998 586 3047; x_wconf 85' lang='lat' dir='ltr'>jure</span> <span class='ocrx_word' id='word_1_382' title='bbox 601 3012 701 3038; x_wconf 85' lang='lat' dir='ltr'>nunc</span> <span class='ocrx_word' id='word_1_383' title='bbox 716 2997 1014 3038; x_wconf 80' lang='lat' dir='ltr'>observabimus.</span> <span class='ocrx_word' id='word_1_384' title='bbox 1050 2996 1203 3035; x_wconf 86' lang='lat' dir='ltr'>Initium</span> <span class='ocrx_word' id='word_1_385' title='bbox 1218 2995 1349 3042; x_wconf 80' lang='lat' dir='ltr'>faciat,</span> <span class='ocrx_word' id='word_1_386' title='bbox 1364 2992 1474 3041; x_wconf 83' lang='lat' dir='ltr'>cujus</span> <span class='ocrx_word' id='word_1_387' title='bbox 1487 3004 1598 3041; x_wconf 83' lang='lat' dir='ltr'>argu-</span> 
     </span>
    </p>
   </div>
  </div>
 </body>
</html>
