1981 3255
767 135 1075 178 EPISTOLA.
1555 137 1636 178 563

211 245 374 283 animum
401 247 559 297 legentis
586 247 634 283 ab
660 253 814 284 auctore
842 248 879 284 in
908 260 985 296 quo
1007 246 1240 284 versabatur.
1296 248 1478 285 Poterant
1506 248 1638 285 saltem

208 319 278 356 per
297 307 548 358 digressiones
574 315 613 345 et
640 321 820 346 excursus
847 308 895 346 ad
924 308 1068 346 calcem
1097 307 1272 356 adjectos
1301 322 1367 346 seu
1398 310 1638 359 subscriptos

208 380 295 405 suas
314 381 409 418 opes
425 368 633 418 speciosius
653 369 858 418 explicare.
915 369 974 406 Ita
994 368 1131 414 evenit,
1152 373 1195 405 ut
1221 368 1411 406 interdum
1434 371 1638 420 scriptores

207 433 351 466 tantum
372 441 442 478 pro
464 429 639 467 vehiculo
660 430 844 467 variarum
865 443 909 467 ac
925 429 1263 467 diversissimarum
1285 442 1399 479 opum
1421 430 1635 468 criticarum

205 489 254 526 ad
286 496 491 528 mercatum
521 491 840 529 extrudendarum
866 490 1034 528 habendi
1061 495 1201 534 essent,
1235 496 1301 527 aut
1333 503 1402 539 pro
1431 491 1635 537 vestibulo,

205 551 309 600 quod
327 551 472 589 aditum
495 552 541 590 ad
564 566 706 591 merces
725 551 971 603 exponendas
988 557 1026 589 et
1046 551 1299 600 inspiciendas
1319 551 1531 601 praeberet:
1562 552 1635 589 etsi

203 617 290 648 sunt
303 618 405 649 certa
421 613 649 663 scriptorum
666 626 817 663 genera,
833 627 933 663 quae,
950 625 1019 662 per
1033 611 1219 661 sejejuna
1231 618 1270 650 et
1285 611 1431 660 exsilia,
1443 612 1633 661 ejusmodi

203 672 436 721 copiosiores
453 673 724 712 illustrationes
738 675 956 720 admittunt,
971 679 1037 710 aut
1056 673 1168 710 etiam
1190 672 1423 722 desiderant,
1437 678 1480 709 ut
1497 672 1633 710 Lexica

202 738 240 768 et
261 733 554 784 Glossographi.
609 735 733 772 Aliam
755 735 854 771 viam
875 734 1033 784 ingressi
1058 742 1145 771 sunt
1163 733 1203 779 id,
1222 734 1288 783 qui
1306 733 1424 770 libros
1442 733 1632 771 Emenda-

203 792 362 840 tionum,
378 795 774 842 Animadversimmm,
791 795 1140 844 Conjectaneorum
1155 801 1193 832 et
1211 795 1263 831 sic
1284 807 1398 844 porro
1414 793 1631 839 ediderunt,

203 853 344 903 quibus
363 868 420 900 ea,
440 869 526 904 quae
548 857 705 906 sparsim
727 856 1087 902 animadverterant,
1109 870 1178 908 per
1197 858 1362 894 saturam
1383 868 1459 892 uno
1482 856 1521 893 in
1543 856 1632 893 loco

201 915 472 965 propinarunt;
508 917 571 968 qui
603 917 756 967 quidem
784 917 868 955 libri
896 918 1096 955 lectionem
1126 919 1346 956 continuam
1374 917 1473 954 haud
1496 916 1632 954 admit-

202 982 298 1021 tunt,
323 989 406 1022 nec,
437 977 507 1015 nisi
534 984 707 1016 auctores
739 977 787 1015 ad
813 991 945 1016 manus
974 980 1113 1016 habeas
1136 985 1173 1016 et
1193 978 1464 1016 sententiarum
1492 990 1631 1015 nexum

202 1037 293 1075 satis
309 1044 450 1085 teneas,
470 1046 574 1077 recte
593 1039 797 1088 dijudicari
816 1046 974 1089 queunt,
994 1040 1195 1077 utilitatem
1213 1046 1339 1076 tamen
1357 1038 1500 1075 habent
1520 1038 1631 1085 hanc,

200 1103 242 1134 ut
261 1098 299 1136 in
316 1100 450 1149 vulgus
468 1100 570 1138 edita
587 1101 726 1138 servari
745 1107 796 1146 et,
818 1101 968 1150 quoties
987 1114 1084 1151 opus
1104 1101 1165 1147 sit,
1185 1100 1322 1150 inspici
1343 1098 1504 1149 possint.
1532 1099 1632 1136 Sunt

201 1159 355 1207 quidem
373 1161 566 1212 pleraeque
586 1162 646 1198 hae
666 1162 951 1199 emendationes
970 1162 1022 1199 ita
1048 1168 1291 1211 comparatae,
1314 1166 1356 1197 ut
1380 1166 1445 1197 aut
1472 1173 1493 1196 a
1515 1173 1631 1210 gene-

199 1219 341 1258 ralibus
360 1223 563 1271 praeceptis
588 1236 653 1260 seu
680 1223 891 1260 observatis
911 1223 960 1261 ad
982 1236 1290 1274 unumquemque
1319 1222 1447 1259 locum
1475 1234 1630 1260 accom-

197 1281 375 1327 modatis,
395 1289 460 1320 aut
478 1297 498 1321 e
515 1285 787 1322 sententiarum
809 1290 849 1322 et
869 1285 1070 1322 verborum
1090 1289 1267 1322 accurate
1293 1295 1461 1333 expensa
1480 1284 1630 1320 ratione

197 1349 237 1380 et
263 1342 390 1381 indole
420 1344 740 1394 proficiscantur:
777 1358 937 1395 quarum
967 1345 1035 1383 has
1067 1351 1246 1383 accurata
1273 1350 1311 1381 et
1338 1349 1486 1381 attenta
1514 1343 1631 1381 lectio

197 1403 535 1455 ipsaxsuppeditan
557 1407 640 1444 illas
659 1411 783 1444 autem
804 1406 842 1443 in
862 1406 1036 1456 quolibet
1056 1406 1155 1452 loco,
1172 1403 1379 1455 praeceptis
1398 1403 1478 1441 istis
1500 1409 1539 1441 et
1560 1404 1630 1441 ob—

197 1466 473 1505 servationibus
494 1467 532 1504 in
562 1467 728 1505 animum
757 1468 959 1513 revocatis,
979 1480 1049 1504 suo
1070 1467 1234 1516 quisque
1255 1465 1384 1503 studio
1404 1470 1556 1515 poterat
1584 1478 1630 1503 ac

194 1527 362 1566 debebat
381 1529 556 1579 assequi:
585 1536 642 1567 est
669 1536 795 1568 tamen
823 1529 861 1566 in
890 1529 947 1566 his
968 1529 1130 1566 felicitas
1152 1528 1278 1578 aliqua
1302 1527 1457 1576 ingenii,
1479 1532 1537 1564 est
1556 1526 1630 1563 for—

194 1595 295 1627 tunae
310 1602 434 1636 casus,
448 1596 506 1628 est
525 1590 717 1628 memoriae
737 1596 802 1628 aut
820 1589 984 1627 recentis
1004 1589 1176 1626 lectionis
1198 1587 1443 1633 beneficium,
1464 1599 1541 1636 quo
1561 1599 1630 1624 sae—

192 1663 242 1701 pe
257 1651 304 1689 ad
324 1665 383 1697 ea,
403 1665 488 1702 quae
508 1665 618 1690 nemo
637 1651 749 1689 facile
770 1664 838 1689 sua
857 1663 973 1700 opera
992 1650 1197 1699 excogitet,
1216 1648 1435 1686 deferimur.

247 1713 338 1750 Post
352 1713 435 1750 haec
452 1713 580 1750 omnia
594 1712 725 1750 critica
740 1712 975 1758 exercitatio,
994 1713 1108 1749 etiam
1125 1711 1161 1748 in
1178 1708 1449 1761 grammaticis,
1466 1708 1627 1746 salubris

191 1779 252 1811 est
269 1781 308 1811 et
328 1773 521 1812 fructuosa
541 1773 692 1824 ingenio
706 1773 880 1824 juvenili,
899 1780 941 1811 ut
959 1786 999 1810 se
1018 1778 1195 1810 exerceat
1222 1777 1260 1808 et
1283 1776 1392 1820 paret
1421 1769 1469 1807 ad
1495 1769 1567 1807 alia
1588 1775 1627 1806 et

191 1836 351 1886 majora,
369 1836 483 1873 etiam
504 1835 552 1873 ad
573 1835 795 1885 disciplinas
816 1835 1034 1884 graviores;
1066 1833 1196 1882 vigent
1215 1833 1253 1869 in
1276 1831 1348 1869 hac
1375 1835 1489 1868 aetate
1510 1829 1625 1867 animi

192 1902 231 1934 et
251 1896 398 1946 pollent
417 1895 597 1933 memoria
618 1901 795 1945 prompta
816 1902 853 1932 et
873 1894 990 1939 facili,
1013 1893 1194 1931 facultate
1214 1890 1443 1929 observandi
1462 1896 1500 1927 et
1521 1902 1626 1927 com-

191 1956 352 2006 parandi
373 1956 520 1999 similia,
539 1955 717 1993 eliciendi
742 1955 921 1999 latentia;
947 1961 1053 1992 recte
1080 1954 1162 1990 haec
1189 1952 1238 1990 ad
1259 1965 1304 1989 ea
1322 1951 1567 1996 adhibentur,
1588 1950 1626 1987 in

193 2016 334 2066 quibus
354 2030 409 2053 eae
430 2015 525 2053 vires
557 2015 738 2065 imprimis
767 2022 853 2053 sunt
872 2014 920 2052 ad
947 2013 1273 2063 consequendum,
1293 2011 1394 2062 quod
1426 2011 1533 2056 velis,
1564 2024 1627 2048 ne-

192 2077 379 2114 cessariae.

245 2137 346 2175 Satis
365 2138 505 2176 docent
525 2138 608 2175 haec
628 2151 648 2175 a
665 2151 722 2176 me
734 2138 945 2188 disputata,
958 2150 1015 2174 me
1036 2147 1266 2186 magnopere
1283 2133 1447 2184 probare
1463 2138 1625 2170 conatus

193 2205 292 2244 tuos,
315 2199 534 2237 doctissime
554 2199 723 2243 Fiorillo,
745 2205 783 2235 et
804 2198 924 2236 laetari
945 2198 1002 2234 his
1021 2197 1154 2245 primis
1174 2194 1432 2232 successibus,
1467 2193 1531 2231 Ab
1553 2193 1626 2230 hac

193 2260 293 2297 enim
322 2260 496 2298 lectionis
523 2260 634 2309 copia
660 2266 699 2297 et
715 2259 908 2305 varietate,
935 2258 1009 2295 hoc
1036 2256 1177 2306 ingenii
1204 2255 1392 2300 acumine,
1417 2255 1487 2292 hac
1508 2267 1625 2292 venu-

193 2327 308 2366 state,
324 2321 414 2372 quid
432 2334 508 2358 non
520 2326 741 2370 exspectare
758 2320 848 2358 licet
865 2318 1136 2357 maturioribus
1155 2316 1263 2354 annis
1282 2319 1290 2352 !
1321 2315 1459 2353 Fecisti
1476 2315 1626 2353 critices

194 2382 455 2432 experimenta
471 2394 606 2432 magna
621 2395 665 2419 ex
684 2387 792 2431 parte
812 2380 850 2417 in
871 2379 1091 2430 fragmentis
1109 2377 1316 2428 lyricorum
1329 2381 1368 2413 et
1383 2376 1628 2423 tragicorum,

196 2443 302 2492 quod
330 2443 481 2481 critices
501 2442 612 2492 longe
633 2441 897 2480 difficillimum
919 2453 1036 2491 genus
1056 2444 1127 2485 est,
1149 2437 1407 2487 imprimisque
1436 2436 1625 2474 lubricum

194 2509 353 2554 propter
373 2504 551 2542 metricas
573 2503 676 2553 leges
702 2503 840 2552 partim
866 2502 1027 2551 ignotaS‚
1048 2499 1184 2550 partim
1205 2511 1335 2548 parurn
1357 2496 1516 2534 firmiter
1536 2509 1625 2534 con-

197 2565 375 2608 stitutas;
404 2578 475 2602 nec
508 2563 580 2602 tibi
606 2563 653 2600 ad
683 2563 826 2600 incerta
855 2562 1018 2599 fortunae
1045 2559 1228 2598 tentanda
1257 2558 1404 2596 animus
1433 2556 1570 2602 defuit,
1589 2556 1626 2593 in

198 2624 336 2674 quibus
357 2637 426 2662 nec
447 2625 550 2663 ausis
569 2623 744 2662 excidere
773 2630 884 2671 turpe
913 2629 984 2668 est,
1003 2619 1259 2659 honorificum
1288 2625 1414 2656 autem
1444 2623 1513 2661 est,
1545 2629 1627 2654 esse

198 2691 336 2731 tamen,
364 2685 401 2721 in
429 2685 566 2734 quibus
594 2697 812 2722 successum
834 2682 1027 2720 habueris.
1083 2681 1168 2718 Nec
1191 2680 1351 2717 deerunt
1372 2676 1535 2726 ingenio,
1556 2675 1625 2712 do—

199 2744 331 2782 ctrinae
350 2751 390 2783 et
404 2745 616 2792 industriae,
637 2745 807 2796 praemia,
827 2756 990 2794 quorum
1011 2755 1116 2793 spem
1135 2749 1173 2779 et
1195 2738 1520 2790 exspectationem
1542 2736 1626 2783 ipsa

200 2805 283 2842 haec
314 2806 519 2858 specimina
548 2807 694 2845 faciunt
721 2813 828 2844 tanto
858 2804 1015 2853 majora,
1033 2816 1111 2854 quo
1139 2803 1281 2841 rariora
1310 2806 1396 2837 sunt
1421 2797 1569 2846 ingenia
1588 2797 1626 2833 in

201 2866 257 2903 his
273 2866 407 2904 litteris
428 2867 643 2905 eminentia.
702 2869 785 2906 Scr.
807 2866 1006 2916 Gottingae
1028 2866 1084 2903 M.
1105 2862 1318 2914 Septembri
1354 2870 1377 2897 c
1390 2860 1404 2896 I
1418 2873 1439 2899 ο
1453 2859 1468 2894 Ι
1482 2871 1504 2898 0
1517 2868 1539 2894 C
1551 2868 1573 2895 C
1587 2867 1624 2893 C-
