1981 3255
554 534 1195 585 HAUPTMANNI

440 652 1312 711 DISSERTATIO

848 794 902 820 DE

645 886 687 932 D
725 885 765 932 E
801 884 854 931 M
891 885 931 931 A
971 884 1013 930 D
1052 883 1103 930 E.

720 1118 1031 1156 ΣΥΝΟΨΙΣ.

205 1213 232 1245 1.
256 1213 399 1244 Demadis
419 1223 522 1252 genus,
566 1213 611 1242 11.
628 1211 758 1241 indoles.
804 1211 870 1240 111.
893 1209 1030 1240 educatio
1048 1214 1078 1239 et
1101 1209 1185 1249 prior
1206 1208 1277 1239 vitae
1303 1209 1419 1238 modus.
1463 1208 1519 1238 IV.
1535 1207 1587 1236 ad-

161 1264 343 1294 ministratio
359 1264 545 1303 reipublicae.
590 1263 627 1291 V.
648 1263 774 1294 sortunae
790 1266 821 1291 et
838 1262 906 1290 fata.
952 1261 1010 1290 VI.
1034 1261 1212 1299 eloquentiae.
1234 1260 1377 1290 conditio.
1425 1260 1497 1289 VII.
1520 1269 1587 1288 sen-

161 1316 272 1353 tentiae.
317 1315 410 1344 VIII.
434 1314 513 1352 Quid
532 1313 589 1352 ipsi
607 1312 787 1351 scriptorum
806 1312 970 1348 tribuatur3
993 1322 1027 1340 ac
1050 1311 1223 1350 singulatim
1247 1312 1285 1340 de
1307 1311 1440 1340 oratione
1457 1308 1524 1349 ὑπὲρ
1538 1311 1589 1342 τῖς

161 1364 351 1399 δωδεκαετίας.
374 1365 436 1394 ΙΧ.
453 1365 570 1403 Quibus
582 1363 764 1402 argumentis
782 1364 977 1400 fragmentum
992 1362 1074 1391 illius
1088 1362 1242 1396 orationis,
1258 1362 1406 1401 hodieque
1422 1366 1588 1400 superstes,

161 1415 292 1445 Demadi
308 1415 488 1445 vindicetur.
533 1415 576 1445 X.
600 1414 709 1454 quibus
732 1412 914 1453 argumentis
936 1412 1127 1451 suppositum
1151 1412 1300 1442 videatur.
1355 1411 1417 1441 XI.
1444 1411 1588 1450 Ejusdem

159 1465 330 1505 dispositio.

160 1541 191 1578 1.
224 1541 322 1579 Duo
355 1542 464 1578 nobis
496 1541 687 1579 Demades
716 1547 898 1586 oratores,
927 1546 1071 1589 patrem
1102 1546 1138 1577 et
1169 1539 1302 1584 filium,
1333 1538 1431 1576 sistit
1462 1536 1589 1574 Suidae

161 1595 352 1649 collectio,
385 1604 446 1640 hic
478 1604 602 1640 sicubi
635 1615 767 1653 parum
799 1602 871 1639 sibi
904 1608 1105 1644 constans;
1137 1601 1174 1637 ni
1210 1600 1387 1638 codicum
1417 1599 1589 1643 diversae,

162 1669 237 1700 tam
258 1663 427 1701 barbaris
456 1664 621 1712 saecuhs,
652 1662 936 1701 observationes
957 1661 1220 1699 confusionem
1244 1662 1466 1698 intulerunt.
1514 1658 1591 1696 Mi-

161 1732 288 1762 scetur
306 1725 403 1762 enim
424 1739 534 1775 aeque
558 1725 763 1771 Demades,
783 1731 870 1774 post
890 1724 1136 1773 Antipatrum
1158 1735 1329 1773 regnans,
1350 1722 1416 1771 qui
1437 1720 1591 1758 Thebas
1611 1732 1614 1734 ·

160 1786 389 1832 instaurarit,
409 1787 512 1837 quod
533 1786 804 1831 Cassandrum,
827 1785 1020 1835 Antipatri
1041 1784 1174 1830 filium,
1194 1784 1330 1821 fecisse
1351 1788 1522 1826 constat3
1554 1787 1593 1817 et

158 1846 348 1896 prioribus
366 1847 479 1897 plane
496 1846 718 1896 perturbata
739 1845 973 1882 tribuuntur.
1015 1844 1203 1888 Quoniam
1226 1845 1340 1894 igitur
1359 1842 1592 1892 antiquiores

153 1907 281 1945 -solum
304 1908 486 1945 Demeam
507 1906 625 1945 tilium
654 1906 874 1957 appellant:
904 1906 941 1943 in
972 1919 1046 1943 uno
1065 1906 1207 1956 pariter
1226 1905 1398 1943 Demade
1420 1902 1593 1942 subsisti-

161 1981 255 2013 muS‚
285 1969 365 2018 qui,
394 1982 481 2006 cum
507 1969 587 2018 jam
619 1968 666 2005 ad
688 1968 908 2017 Philippum
941 1967 1089 2004 mittere
1117 1966 1237 2004 filium
1264 1966 1464 2017 potuisset,
1493 1977 1592 2001 anno

154 2036 353 2078 'postremo
380 2028 575 2079 Antipatri
604 2029 826 2066 necabatur.
882 2028 919 2064 Is
948 2028 1191 2064 Atheniensis
1223 2034 1317 2071 erat,
1351 2040 1372 2064 e
1403 2025 1591 2068 Laciadis‚

162 2090 336 2127 OEneidis
362 2091 482 2127 tribus
515 2090 675 2140 populo,
709 2089 862 2126 trahens
896 2088 1092 2137 originem,
1125 2088 1223 2125 filius
1257 2087 1451 2131 Demadis,
1482 2092 1523 2122 ut
1554 2085 1592 2121 in

160 2151 341 2188 orationis
377 2151 449 2201 ipsi
482 2150 635 2187 tributae
667 2149 881 2199 fragmento
910 2148 1070 2198 legimus
1090 2152 1119 2195 ξ.
1141 2153 1203 2186 16.
1261 2148 1459 2191 Quatenus
1489 2158 1591 2190 vero,
1628 2177 1633 2180 .

161 2225 237 2251 non
266 2218 405 2262 praeter
435 2224 600 2256 causam,
631 2211 816 2264 Demeam
845 2216 994 2260 patrem
1023 2209 1163 2259 aliquis
1195 2209 1378 2252 nominat,
1414 2208 1592 2245 hariolari

161 2273 263 2318 licet,
303 2279 470 2309 nostrum
504 2279 680 2322 nepotem
711 2271 844 2322 aliquis
871 2271 1052 2315 nominat,
1086 2271 1262 2308 hariolari
1287 2272 1389 2316 licet,
1423 2277 1590 2307 nostrum

160 2340 338 2384 nepotem
357 2333 546 2379 habuisse,
567 2332 771 2370 Cassandri
788 2340 957 2381 tempore
978 2332 1182 2370 celebrem.
1213 2332 1330 2376 Quod
1348 2338 1456 2382 pater
1475 2331 1593 2368 nostri

159 2395 217 2431 vir
247 2394 362 2431 fuerit
394 2395 594 2440 obscurus,
623 2395 735 2432 etiam
759 2393 931 2431 AEliauus
948 2393 996 2430 V.
1018 2393 1069 2431 H.
1100 2394 1194 2430 XlI.
1227 2397 1291 2431 43.
1318 2393 1458 2443 prodit.
1514 2391 1591 2429 Sed

150 2455 303 2493 ‘addens
325 2455 425 2492 idem
441 2468 450 2493 t
479 2456 721 2507 Κλεοφῶντος
739 2458 797 2492 καὶ
812 2455 996 2505 Δημάδου,
1017 2455 1132 2491 καίτοι
1151 2461 1362 2505 προστατῶν
1382 2458 1593 2505 γενομένων

159 2521 221 2553 τοῦ
241 2517 353 2566 δήμου
373 2524 442 2554 τῶν
460 2516 684 2562 Ἀθηναίων,
705 2518 818 2560 οὐδεὶς
843 2519 890 2554 ἂν
916 2517 1011 2553 ε’ἱποι
1035 2515 1166 2565 ῥᾳδίως
1195 2517 1277 2558 τοὺς
1299 2518 1476 2567 πατέρας,
1499 2515 1593 2565 quid

159 2577 231 2614 sibi
252 2578 352 2622 velit,
373 2578 518 2627 ignoro.
575 2578 663 2627 Ipse
685 2590 840 2628 quoque
863 2576 1054 2614 Demades
1074 2576 1175 2613 haud
1192 2585 1378 2614 oratorem
1395 2583 1592 2620 monstrat,

160 2638 225 2675 sed
249 2651 453 2688 pauperem
482 2651 526 2675 ac
557 2638 752 2676 laboribus
783 2639 860 2676 suis
893 2637 1150 2674 infirmitatem
1182 2637 1269 2675 vitae
1304 2644 1590 2680 sustentantem,

161 2699 300 2748 quibus
329 2705 379 2745 et,
412 2699 471 2736 vel
500 2699 549 2736 ab
576 2699 684 2736 obitu
717 2700 847 2749 patris,
879 2697 983 2748 quod
1017 2710 1064 2734 ex
1092 2697 1294 2747 fragmenti
1321 2699 1407 2735 loco
1437 2697 1591 2746 probari

159 2771 273 2808 posse
291 2759 453 2805 videtur,
472 2761 530 2797 vel
550 2760 599 2798 ab
628 2760 711 2810 ipso
731 2766 959 2805 commotus,
975 2756 1075 2795 filius
1097 2771 1250 2809 operam
1271 2759 1401 2796 dabat.
1459 2757 1588 2801 Quan-

160 2818 295 2855 tumvis
315 2820 488 2869 subjecta
509 2821 673 2858 Demadi
702 2821 801 2859 foret
835 2820 969 2858 isthaec
1000 2819 1137 2866 oratio,
1158 2820 1276 2856 nihilo
1306 2819 1426 2856 minus
1454 2830 1499 2854 ea
1525 2816 1590 2862 ju-

161 2878 315 2916 stiorem
351 2879 464 2918 fidem
496 2882 666 2929 referret,
695 2883 856 2920 aliorum
892 2894 1048 2932 quoque
1075 2880 1301 2918 testimoniis
1334 2879 1444 2922 fulta,
1475 2890 1587 2926 quam

160 2938 350 2987 AEfianus,
366 2940 464 2979 forte
480 2944 642 2992 majores
664 2943 883 2994 generatim,
901 2949 966 2980 aut
981 2942 1141 2980 illustria
1161 2949 1310 2992 patrum
1330 2939 1368 2976 in
1383 2937 1589 2988 rempubli-

161 3012 244 3038 cam
266 3000 413 3048 merita,
434 3010 626 3052 spectans,
642 3011 706 3042 aut
725 3004 880 3042 omnino
897 3003 1107 3054 quidquam
1128 3003 1245 3040 modo
1264 3001 1357 3038 dans
1369 3004 1591 3048 argumento

814 3068 839 3100 3
871 3074 896 3101 U
