1981 3255
355 209 437 251 518
858 211 1265 254 HAUPTMANNI

351 336 519 371 munere,
556 325 691 364 multas
729 325 862 363 habuit
901 326 936 363 in
969 327 1116 365 Boeotia
1151 328 1422 377 possessiones.
1489 329 1622 373 Immo,
1654 329 1684 367 si
1718 330 1763 368 C.

351 386 544 432 Graccho,
564 387 663 437 apud
690 387 855 425 Gellium
885 388 957 424 XI.
979 392 1042 426 10.
1062 393 1099 426 6.
1121 388 1216 427 fides
1239 390 1364 437 datur,
1385 391 1455 437 vel,
1481 398 1522 429 ut
1548 392 1688 438 sileret,
1713 398 1767 430 ta-

350 446 451 484 lenta
476 447 604 485 decem
632 448 794 499 accepit.
852 450 883 486 A
913 461 1006 486 nece
1037 449 1204 499 Philippi
1231 451 1480 490 beneficentia
1506 453 1648 502 pariter
1674 452 1763 489 Ale-

350 507 483 544 xandri
501 508 703 557 gaudebat,
719 509 821 559 apud
840 509 940 547 illum
963 511 1062 549 haud
1082 512 1200 549 minus
1216 519 1363 562 potem,
1379 526 1424 551 ac
1445 514 1543 563 apud
1559 520 1762 562 parentem.

350 567 450 606 Hinc
476 581 498 606 a
525 569 792 607 Demosthenis
821 570 951 608 amicis
977 571 1175 621 largitione
1207 573 1376 622 quinque
1408 574 1631 610 talentorum
1659 585 1762 610 com-

351 629 584 676 movebatur,
598 630 644 667 ad
666 630 807 667 dictum
827 638 938 668 antea
957 633 1187 682 psephisma,
1206 633 1254 670 de
1273 634 1343 670 reis
1360 634 1572 671 oratoribus
1592 633 1762 684 periculo

350 690 569 734 eximendis,
587 690 829 728 artificiosius
856 692 1167 742 consignandum.
1221 693 1355 731 Postea
1377 695 1549 731 similiter
1568 694 1763 745 Antipatri

349 751 505 799 gratiam
532 751 708 796 obtinuit,
730 751 821 789 licet
845 752 1012 802 denique
1033 754 1298 804 perniciosam.
1355 753 1417 791 Ad
1441 754 1541 792 hunc
1559 755 1658 792 enim
1677 766 1763 792 cum

350 812 542 852 Phocione
568 812 727 860 legatus,
749 814 879 850 urbem
900 813 952 850 illi
972 814 1133 852 demisse
1153 815 1326 858 tradidit,
1347 814 1448 863 quod
1478 814 1598 856 fusius
1625 827 1766 852 memo-

349 879 433 911 rant
459 873 590 922 Nepos
615 873 651 909 in
676 873 795 911 Phoc.
818 887 854 911 c.
874 878 911 912 2.
936 875 1164 914 Plutarchus
1191 876 1229 912 in
1252 876 1327 912 vit.
1349 875 1533 914 Phocion.
1562 880 1592 923 §-
1616 879 1681 914 26.
1707 887 1766 924 sq.

349 940 387 971 et
406 933 610 971 Pausanias
627 934 669 970 L.
686 934 772 971 VlI.
789 948 824 972 c.
838 940 900 973 10.
929 936 1012 973 Nec
1031 937 1132 987 apud
1154 949 1240 974 suos
1259 937 1413 974 honoris
1434 936 1764 974 testificationibus

348 993 489 1031 excidit
509 993 710 1032 Demades.
757 996 876 1032 AEnea
895 1002 1029 1041 statua,
1049 997 1085 1034 in
1105 997 1188 1034 foro
1209 997 1342 1046 posita,
1365 997 1574 1043 colebatur,
1595 997 1765 1046 publice-

348 1067 422 1103 que
452 1055 489 1091 in
519 1053 708 1104 Prytaneo
727 1055 867 1093 victum
894 1057 1086 1106 capiebat,
1109 1059 1213 1108 quod
1238 1058 1454 1095 Dinarchus
1479 1060 1569 1095 κατὰ
1597 1059 1762 1107 Δημοσθ.

346 1115 444 1152 inter
487 1114 580 1151 alios
617 1115 744 1153 refert.
818 1117 942 1156 Tanto
975 1119 1221 1157 verosimilius
1261 1119 1359 1156 idem
1402 1119 1613 1156 Dinarchus
1645 1122 1675 1165 ξ.
1708 1117 1761 1165 β’.

347 1175 642 1213 Demosthenem
674 1183 788 1227 atque
824 1178 1034 1218 Demadem
1072 1179 1284 1229 conjunxit,
1316 1180 1365 1217 ab
1397 1179 1568 1229 Harpalo
1603 1179 1765 1228 pecunia

345 1242 555 1285 corruptos,
595 1249 673 1286 quo
711 1244 884 1288 tempore
915 1244 946 1288 ξ.
975 1239 1018 1285 ζ’.
1056 1241 1246 1291 Areopagi
1284 1246 1437 1293 senatus
1470 1253 1534 1277 sex
1575 1239 1764 1276 mensibus

345 1295 392 1333 de
412 1296 455 1334 iis
475 1297 710 1347 inquisivisse
728 1299 878 1337 dicitur.
909 1301 1036 1339 Palam
1057 1302 1214 1352 quidem
1235 1302 1438 1347 Demades,
1454 1302 1506 1339 uti
1520 1301 1600 1349 jam
1617 1301 1761 1339 dictum

345 1364 416 1403 est,
441 1358 675 1396 adversarius
701 1368 781 1397 erat
807 1362 1092 1413 Demosthenis,
1118 1364 1230 1412 cujus
1254 1363 1619 1400 administrationem
1638 1363 1763 1412 reipu-

345 1419 458 1457 blicae
476 1419 656 1457 malorum
676 1422 839 1459 omnium
857 1436 1007 1461 causam
1027 1424 1216 1462 exstitisse
1236 1436 1314 1474 prae
1336 1436 1375 1460 se
1395 1422 1554 1467 ferebat,
1574 1435 1660 1460 cum
1682 1423 1761 1459 bel-

346 1479 423 1518 lum
444 1487 575 1530 postea
595 1490 823 1522 nasceretur.
871 1484 1055 1535 Respicit,
1077 1485 1196 1522 hocce
1216 1497 1384 1529 narrans,
1404 1483 1628 1520 Aristoteles
1649 1483 1763 1520 Rhet.

347 1541 402 1579 ΙΙ.
432 1547 494 1580 24.
525 1543 677 1588 bellum,
704 1551 793 1593 post
824 1546 945 1594 quod,
974 1547 1250 1595 Aristophonte
1278 1552 1458 1595 praetore,
1489 1544 1765 1582 Demosthenes

348 1602 482 1639 habuit
501 1603 709 1640 orationem
736 1604 783 1641 de
803 1605 969 1643 Corona.
990 1606 1069 1643 vid.
1095 1607 1259 1656 Dionys·
1281 1605 1369 1643 Hal.
1389 1618 1450 1655 ep.
1471 1604 1518 1641 ad
1540 1606 1766 1650 Ammaeum,

348 1668 379 1711 §-
398 1667 463 1702 12.
492 1664 585 1702 Post
604 1665 696 1703 illud
718 1672 867 1716 tempus
885 1667 922 1704 in
942 1667 1095 1705 civitate
1117 1680 1183 1704 sua
1203 1667 1294 1704 rixis
1309 1679 1408 1715 saepe
1424 1672 1551 1702 noster
1561 1666 1764 1703 exerceba·
1822 1697 1825 1700 Α

347 1731 422 1770 tur,
440 1738 708 1776 nonnunquam
729 1729 882 1765 omnino
899 1729 1149 1777 plectebatur.
1194 1727 1309 1770 Quod
1330 1733 1381 1772 et,
1401 1739 1488 1763 cum
1509 1725 1764 1763 Alexandrum

347 1786 472 1824 vivum
491 1795 746 1832 consecraret,
767 1789 967 1838 pecuniam
985 1789 1033 1825 ab
1053 1789 1221 1838 Harpalo
1243 1790 1418 1832 sumeret,
1437 1793 1476 1824 et
1494 1787 1599 1831 alias,
1621 1786 1764 1824 sactum

346 1860 428 1885 esse
452 1855 620 1886 narrant.
676 1849 740 1886 Ob
758 1849 906 1886 divinos
935 1850 1094 1886 honores
1117 1848 1334 1886 Alexandro
1354 1847 1541 1891 decretos,
1561 1846 1657 1884 forte
1677 1852 1764 1896 post

346 1907 552 1946 discessum
579 1910 677 1959 regis
705 1910 742 1946 in
769 1910 910 1956 Asiam,
939 1911 1116 1948 mulctam
1143 1910 1187 1948 C.
1217 1909 1446 1946 talentorum
1476 1907 1678 1957 irrogatam
1708 1907 1761 1945 illi

345 1969 474 2016 fuisse,
500 1976 608 2020 putat
637 1971 806 2008 AElianus
827 1972 874 2009 V.
902 1971 952 2008 H.
973 1972 1021 2010 V.
1046 1974 1106 2008 12.
1131 1969 1349 2008 credibilius
1373 1974 1496 2006 autem
1522 1969 1572 2005 X.
1594 1967 1764 2006 nominat

346 2031 565 2070 Athenaeus
586 2033 653 2070 VI.
673 2039 710 2072 6.
731 2047 767 2083 p.
789 2046 839 2070 m.
858 2036 948 2072 409.
995 2033 1088 2070 Erat
1108 2039 1247 2075 tamen,
1268 2045 1352 2069 cum
1373 2037 1411 2068 et
1430 2043 1497 2080 per
1517 2030 1631 2067 solam
1653 2037 1763 2080 petu-

345 2091 499 2130 lantiam
519 2094 758 2131 occasionem
780 2094 932 2131 mulctae
955 2094 1156 2144 praeberet.
1213 2093 1339 2141 Hujus
1361 2092 1412 2129 rei
1428 2091 1486 2129 vel
1507 2104 1618 2129 unum
1639 2104 1764 2129 exem-

345 2153 453 2202 plum
479 2167 499 2190 e
528 2154 731 2191 Plutarcho
752 2155 787 2191 in
808 2155 884 2192 Vit.
911 2155 1094 2192 Phocion.
1124 2157 1156 2200 ξ.
1183 2157 1245 2190 30.
1271 2152 1445 2190 sufficiet.
1501 2151 1660 2189 Athenis
1684 2153 1763 2201 lege

347 2220 498 2250 cautum
526 2214 611 2260 fuit,
643 2227 687 2251 ne
719 2215 804 2265 quis
835 2215 1052 2265 peregrinus
1087 2216 1251 2252 saltaret.
1307 2212 1498 2250 Demades
1525 2225 1613 2250 vero
1643 2219 1762 2250 totum

348 2275 507 2312 chorum
528 2290 573 2313 ex
594 2278 811 2326 peregrinis,
829 2291 987 2315 numero
1003 2284 1171 2321 centum,
1186 2274 1399 2318 constituit,
1416 2287 1637 2324 poenamque
1653 2274 1763 2313 simul

348 2334 515 2373 debitam
537 2337 661 2375 solvit.
717 2339 768 2375 At
789 2351 863 2375 non
885 2351 1033 2387 semper
1052 2344 1125 2374 tam
1149 2342 1344 2386 promptus
1359 2342 1437 2372 erat
1459 2336 1493 2371 in
1514 2335 1764 2385 suscipiendis

348 2397 484 2445 poenis,
505 2410 598 2446 quas
619 2398 759 2447 septies
778 2398 1028 2443 detrectabat,
1051 2398 1207 2435 maxime
1236 2395 1427 2445 potentior
1450 2396 1601 2432 civitate
1628 2395 1762 2432 sactus.

349 2457 504 2494 Accidit
531 2458 636 2503 illud,
661 2461 718 2495 vet
745 2459 780 2495 in
805 2459 945 2508 primis,
968 2465 1055 2508 post
1077 2456 1279 2495 Alexandri
1302 2463 1460 2493 mortem
1484 2463 1523 2493 et
1548 2455 1763 2493 Lamiacum

350 2516 505 2562 bellum,
537 2530 613 2566 quo
652 2519 802 2556 tandem
840 2520 1102 2562 Athenienses,
1135 2518 1182 2555 ad
1217 2518 1446 2560 Cranonem,
1475 2517 1525 2553 ab
1560 2516 1764 2565 Antipatro

351 2578 588 2626 Crateroque
615 2579 717 2622 victi,
738 2580 952 2628 praesidinm
984 2581 1018 2616 in
1045 2579 1293 2628 Munychiam
1322 2578 1489 2625 recipere
1517 2577 1763 2625 cogebantur.

349 2640 459 2677 Tunc
471 2639 567 2676 enim
586 2640 778 2686 Demadis,
795 2641 954 2691 professi
973 2641 1227 2678 Macedonum
1245 2639 1366 2683 amici,
1387 2639 1535 2674 tortuna
1552 2639 1630 2675 sine
1646 2637 1765 2675 dubio

350 2713 487 2738 novum
509 2701 779 2737 incrementum
801 2702 979 2739 obtinuit.
1010 2701 1086 2738 Sed
1108 2701 1144 2737 in
1164 2701 1276 2736 altum
1300 2700 1514 2743 tollebatur,
1538 2704 1577 2735 ut
1595 2698 1765 2747 graviore

351 2762 594 2813 prolapsione
609 2769 745 2800 rueret.
770 2764 865 2800 Cum
880 2764 1068 2800 effecisset
1087 2762 1257 2806 Athenis,
1277 2768 1317 2797 ut
1336 2761 1613 2798 Demosthenes
1627 2766 1663 2796 et
1680 2773 1763 2797 ora-

351 2831 452 2861 tores
465 2823 820 2860 aliidamnarentur:
844 2825 923 2872 ipse
934 2819 1575 2871 fraudulentusdeprehendebatur.
1597 2822 1764 2870 Quippe,

351 2884 455 2934 quod
483 2884 677 2922 Diodorus
700 2884 775 2921 Sic.
798 2884 945 2921 xvltl.
970 2889 1032 2921 48.
1054 2883 1280 2926 memoravit,
1307 2883 1518 2919 clanculum
1549 2894 1616 2931 per
1642 2882 1766 2918 literas

351 2951 574 2994 egeratcum
588 2944 778 2994 Antipatri
789 2944 940 2993 capitali
952 2945 1071 2990 hoste,
1083 2956 1189 2991 quem
1202 2943 1236 2979 in
1252 2943 1517 2981 Macedoniam
1527 2943 1766 2981 etGraeciam
