1981 3255
341 136 423 177 482
731 131 987 173 LYCURGI
1021 129 1386 172 ORATIONUM

343 248 513 300 δραχμὰς
533 247 571 283 ἐκ
601 252 664 291 τῆς
691 248 821 288 οὺσίας
841 247 951 283 αὑτοῦ
969 245 1105 296 ἑκάστῳ
1125 252 1195 283 τῶν
1216 249 1376 284 πολιτῶν
1404 244 1569 294 διένειμε,
1589 249 1660 282 τῶν
1679 246 1776 282 πάν-

343 325 413 347 των
434 307 698 360 συναχθέντων
716 308 909 345 ταλάντων
935 306 1064 344 ἑκατὸν
1089 306 1270 353 ἑξήκοντα,
1289 309 1325 353 ἢ,
1347 310 1397 349 ὥς
1416 322 1522 351 τινες,
1546 311 1659 354 μνᾶν.
1687 305 1778 348 Quo

342 370 429 408 loco
457 369 691 407 memorabili
717 369 809 406 scite
846 369 964 406 utitur
990 367 1143 418 Taylor.
1173 368 1222 406 ad
1252 367 1453 406 Demosth.
1482 366 1650 416 Aristog.
1680 365 1713 403 1.
1738 379 1779 416 p.

343 433 434 470 833.
455 430 516 468 ed.
533 429 661 469 Reisk.
678 429 726 467 ad
748 427 1097 472 demonstrandum,
1117 428 1257 466 civium
1271 427 1560 466 Atheniensium
1579 439 1780 466 numerum

342 503 386 528 ea
406 497 519 529 aetate
540 503 659 542 prope
681 491 770 528 XX.
791 489 908 527 millia
927 488 1058 526 fuisse.
1080 511 1130 517 —
1151 489 1343 527 Incertum
1368 501 1458 526 vero
1477 495 1546 533 est,
1568 501 1616 526 an
1637 488 1781 538 Lycur-

342 564 411 601 gus
431 551 652 590 Orationem
673 556 807 588 contra
832 548 1031 599 Diphilum
1063 548 1283 598 scripserit:
1315 546 1501 600 nusquam
1528 548 1643 598 euim,
1674 548 1779 599 quod

343 612 471 659 sciam,
491 625 513 650 a
532 617 623 650 vett.
643 611 794 648 citatur.

1032 680 1082 717 Z.

844 765 981 804 ΠΡΟΣ
1010 764 1273 803 ΙΣΧΎῬΙΑΝ.

394 850 446 889 Ut
467 851 561 889 citat
591 851 696 889 Suid.
731 864 813 889 voc.
842 850 1028 903 Λυκοῦργ.
1061 851 1139 889 sive
1169 857 1210 889 ut
1239 848 1578 901 HarpocnKAT’
1606 823 1781 888 Alzxis-

340 913 480 957 ΡΙΟΥ,
502 925 586 951 voc.
609 916 782 964 στρωτὴρ,
804 913 870 963 qui
897 927 917 951 e
951 913 1120 964 Didymo
1145 913 1340 964 explicat:
1369 916 1413 952 τὰ
1438 915 1546 964 μικρὰ
1575 912 1709 951 δοκὶδια
1735 914 1780 951 τὰ

337 976 457 1015 ἐπάνω
477 982 547 1014 τῶν
567 975 784 1027 ὃουροόόκων
801 975 991 1027 τιθέμενα.
1024 974 1086 1013 Cf.
1104 975 1203 1014 Poll.
1224 977 1274 1015 X.
1290 979 1353 1015 43.

1037 1071 1086 1108 H.

780 1156 930 1195 ΚΑΤΑ
958 1155 1344 1197 ΚΗΦΙΣΟΔΟΤΟΥ.

391 1236 577 1286 Harpocr.
616 1249 651 1272 v.
690 1233 916 1286 χιλιωὲέντα
953 1240 1075 1279 notat,
1115 1234 1330 1285 Lycurgum
1371 1232 1443 1271 hac
1472 1232 1660 1271 Oratione
1693 1243 1778 1271 voc.

338 1301 550 1349 κεχιλιῶσαι
570 1309 679 1335 usum
700 1309 793 1334 esse.

1031 1353 1077 1386 θ.

448 1434 794 1472 ΚΡΟΚΩΝΙΔΩΝ
823 1434 1128 1472 ΔΙΑΔΙΚΑΣΙΑ
1159 1434 1298 1474 ΠΡΟΣ
1327 1434 1659 1473 ΚΟΙΡΩΝΙΔΑΣ.

393 1513 540 1563 Saepius
563 1512 740 1550 laudatur
758 1513 843 1549 haec
862 1512 997 1550 Oratio
1019 1513 1212 1561 Harpocr.
1239 1511 1306 1548 sed
1335 1524 1413 1549 non
1437 1524 1588 1560 semper
1604 1511 1783 1562 Lycurgo

339 1573 566 1623 assignatur.
623 1572 820 1610 Dinarcho
850 1571 1033 1609 tribuitur
1071 1583 1155 1607 voc.
1185 1569 1436 1622 Ἱεροφάντης,
1467 1569 1617 1608 Philino
1654 1576 1783 1610 autem

338 1634 493 1673 Oratori
513 1634 644 1673 Attico
659 1632 879 1681 (Ruhnken.
901 1631 927 1668 l.
943 1644 977 1668 c.
994 1644 1034 1681 p.
1054 1633 1159 1678 153.)
1179 1644 1274 1669 voce
1294 1630 1526 1682 Κοιρωνίὸαι.
1540 1631 1607 1668 ubi
1625 1643 1783 1683 quoque

340 1696 582 1747 explicantur
619 1694 808 1733 vocabula
840 1693 961 1744 Κρωκ.
998 1699 1036 1730 et
1063 1693 1299 1743 Κοιρωνίδαι,
1330 1692 1382 1731 cf.
1409 1693 1521 1743 Tayl.
1552 1693 1704 1744 Proleg.
1732 1693 1784 1732 ad
1827 1691 1830 1694 ’

342 1758 477 1796 Leocr.
501 1763 582 1795 not.
603 1760 665 1795 32.
697 1756 793 1793 Voc.
824 1753 984 1792 Κυνίδαι
1007 1756 1111 1804 (quae
1139 1766 1250 1803 aeque
1279 1758 1360 1792 erat
1381 1753 1527 1791 familia
1544 1753 1707 1792 Athenis
1724 1766 1784 1791 ce-

341 1818 571 1866 leberrima),
601 1831 633 1856 v.
665 1818 975 1868 προσχαιρητὴρια
1002 1829 1035 1853 v.
1063 1813 1325 1866 Σκαμβωνίδαι
1355 1820 1489 1853 contra
1518 1814 1695 1866 Lycurgo
1713 1814 1781 1853 ad-

341 1879 530 1919 scribitur.

996 1930 1026 1968 1.
1057 1931 1125 1967 IA.

721 2014 870 2052 ΚΑΤΑ
899 2011 1260 2072 ΛΥΚΟΦΡΟΝΟΣ
1282 2012 1386 2050 Α.Β.

395 2094 486 2132 Sine
513 2106 670 2132 numero
702 2093 795 2130 citat
817 2091 982 2142 Lycurgi
1005 2091 1074 2128 Or.
1092 2095 1225 2128 contra
1245 2090 1541 2141 Lycophronem
1562 2090 1783 2141 Harpocra—

342 2155 396 2192 tio
414 2169 472 2193 vv.
504 2155 731 2205 Κανηψὸροι,
758 2153 1052 2199 Μελανίππειον,
1081 2151 1347 2203 Πεφασμὲνης,
1376 2164 1453 2201 quo
1485 2164 1573 2190 usus
1601 2151 1651 2189 Sit
1689 2152 1782 2190 scri·

342 2222 430 2265 ptor
449 2216 472 2252 Ι.
493 2216 754 2265 γεγενημένης,
779 2214 979 2256 οῖ”Αοικος
998 2225 1068 2262 pro
1088 2214 1268 2258 ἀοίκητος.
1296 2212 1563 2262 Fragmentum
1583 2225 1631 2250 ex
1649 2212 1783 2251 eadem

343 2276 529 2314 Oratione
562 2276 724 2314 servavit
752 2287 837 2312 voc.
865 2271 1235 2325 Ἀνδραποὸίζεσθαι.
1275 2272 1503 2323 Θαυμάζω
1529 2272 1567 2310 δ’
1590 2273 1694 2327 ἐγὼ,
1743 2276 1782 2311 εἶ

340 2336 444 2379 τοὺς
481 2336 858 2387 ἀνδραποδιστὰς
895 2343 979 2373 τῶν
1021 2337 1207 2372 οἰκετῶν
1234 2336 1354 2385 ἡμᾶς
1393 2336 1783 2384 ἀποστεροῦντας,

341 2399 485 2447 μόνον
514 2397 701 2449 θανάτῳ
730 2400 939 2446 ζημιοῦν.
957 2425 965 2434 .
984 2425 992 2433 .

394 2458 652 2506 Εἶσαγγελίαν
681 2459 794 2496 fuisse
817 2459 914 2495 hanc
936 2456 1201 2508 Lycophronis
1223 2454 1507 2493 accusationem
1529 2453 1645 2492 docet
1664 2453 1781 2500 idem,

342 2532 426 2557 voc.
444 2518 720 2562 Ὕακινὲὑὲαις.
755 2519 861 2562 Quas
881 2519 1008 2556 Oratt.
1033 2518 1160 2554 adhuc
1193 2517 1289 2566 legit
1316 2515 1538 2559 Athenaeus,
1565 2514 1628 2561 qui
1649 2515 1694 2552 L.
1713 2514 1782 2553 VI.
1839 2566 1841 2568 Ι

346 2595 380 2620 c.
400 2585 464 2619 92.
480 2581 583 2630 (vol.
603 2581 656 2617 11.
679 2593 716 2629 p.
738 2585 827 2618 5⁴21.
849 2580 909 2617 ed.
931 2579 1164 2629 Schweigh.)
1192 2578 1247 2615 sic
1274 2576 1430 2614 scribit:
1458 2575 1658 2625 Ὑπερίδης
1678 2581 1782 2623 γοῦν,

349 2645 368 2681 ὁ
385 2645 514 2694 ῥήτωρ,
536 2642 575 2679 ἐν
596 2645 643 2692 τῷ
671 2644 760 2678 κατὰ
791 2639 1006 2679 Μαντιθέου
1036 2640 1160 2682 uiniae
1185 2641 1308 2688 φησίν.
1330 2635 1538 2673 ”Ε9εσαν
1565 2639 1614 2672 οὐ
1641 2638 1784 2686 μόνον

348 2706 461 2754 ὒπὲρ
488 2710 573 2741 τῶν
599 2702 866 2752 ἐλευθέρων,
894 2704 1017 2740 ἀλλὰ
1045 2702 1116 2738 καὶ
1151 2700 1231 2737 ἐάν
1258 2715 1326 2741 τις
1362 2701 1428 2740 εἰς
1463 2697 1626 2735 δούλου
1655 2705 1783 2749 σῶμα

349 2764 526 2820 ὑβρίσῃ,
564 2766 744 2815 γραφεὶς
784 2762 904 2801 εἶναι
949 2765 1062 2800 κατὰ
1101 2765 1176 2799 τοῦ
1216 2759 1526 2810 ὑβρίσαντος.
1572 2758 1634 2795 Td
1673 2757 1784 2809 ὅμοια

351 2828 466 2876 ε’ίρηκε
493 2827 550 2864 καὶ
583 2826 801 2875 Λυκοῦργος
831 2825 870 2862 ἐν
904 2827 951 2876 τῷ
983 2826 1076 2862 scara)
1112 2816 1348 2872 Λυκόφρονος
1381 2822 1519 2873 πρώτῳ.
1556 2820 1783 2858 Orationem

351 2889 509 2938 primam
529 2888 650 2927 citant
667 2887 855 2938 Harpocr.
871 2886 1060 2932 v.“1⁷rvoc‚
1073 2883 1211 2924 Suidas
1231 2896 1337 2922 voce.
1355 2881 1521 2934 ἐμποδὼν
1535 2888 1574 2921 et
1586 2884 1783 2933 μοχθηρία,
