1981 3255
677 153 747 194 ET
780 150 916 194 EJUS
948 151 1230 195 SCRIPTIS.
1587 153 1669 193 573

585 500 828 549 INDEX
878 500 1325 549 EDITIONUM

308 615 611 658 DUARUM
659 617 1236 660 INSCRIPTIONUM
1280 616 1610 660 VETERUM

935 736 987 761 Ex

414 826 484 863 10.
513 825 627 864 ALB.
648 825 885 864 FABRICII
917 826 1281 865 BIBLIOTHECA
1309 826 1510 866 GRAECA

603 931 638 968 A
668 929 854 968 GOTTL.
886 930 1015 969 CHR.
1046 931 1319 970 HARLESIO

562 1033 799 1063 AUC'I'IUS
832 1034 997 1064 EDITA
1032 1035 1157 1064 TOM.
1177 1035 1236 1065 VI.
1262 1046 1293 1075 p.
1312 1037 1363 1065 10.

297 1249 329 1286 1.
362 1248 536 1285 Primam
559 1248 868 1299 Inscriptionem,
887 1262 956 1299 per
987 1249 1310 1300 Christophorum
1336 1250 1564 1297 Puteanum,
1584 1251 1684 1289 cele-

246 1310 351 1347 brem
374 1309 689 1347 Perronianorum
705 1317 917 1356 auctorem,
938 1312 1057 1348 Roma
1080 1312 1267 1349 Lutetiam
1289 1312 1337 1350 ad
1351 1312 1537 1350 Iacobum
1558 1313 1684 1350 Gino-

246 1380 326 1410 tum
346 1373 616 1417 transmissam,
637 1386 722 1410 cum
747 1373 888 1423 quibus
908 1373 1250 1424 epigrammatibus
1268 1375 1512 1425 Anthologiae
1533 1376 1685 1413 Graecae

248 1435 392 1484 primus
410 1435 575 1483 vulgavit
600 1435 813 1472 Fridericus
835 1435 1033 1481 Morellus,
1053 1435 1238 1484 adjuncta
1262 1436 1433 1473 versione
1457 1436 1592 1474 Latina
1607 1449 1685 1473 me-

248 1497 355 1540 trica,
384 1496 505 1532 Paris.
530 1499 645 1535 1607.
672 1499 709 1533 4.
731 1509 768 1535 v.
801 1496 996 1533 Maittaire
1023 1497 1188 1533 Annales
1218 1497 1450 1547 typograph.
1478 1497 1589 1535 Tom.
1611 1498 1685 1535 ΙΙΙ.

250 1557 293 1593 Ρ.
316 1557 367 1594 ΙΙ.
389 1570 426 1607 p.
448 1560 537 1594 851.

303 1617 475 1655 Eandem
499 1617 638 1654 deinde
668 1617 977 1666 Inscriptionem‚
1003 1630 1081 1654 uno
1108 1622 1234 1654 tamen
1263 1630 1372 1655 versu
1402 1630 1585 1663 mancam,
1607 1631 1688 1668 pas-

249 1678 396 1728 simque
416 1692 436 1715 a
456 1692 496 1716 se
516 1678 756 1716 emendatam
778 1686 815 1716 et
843 1680 942 1717 notis
962 1678 1202 1723 illustratam,
1223 1679 1342 1716 edidit
1369 1679 1522 1716 Isaacus
1543 1680 1686 1718 Casan-

251 1740 389 1784 bonus,
410 1743 524 1779 1608.
553 1739 769 1789 (Fabricius
798 1740 953 1790 quidem
974 1740 998 1776 1.
1027 1753 1061 1777 c.
1083 1739 1266 1777 Biblioth.
1292 1740 1362 1776 Gr.
1381 1740 1426 1777 T.
1447 1739 1520 1776 ΙΙΙ.
1540 1752 1577 1789 p.
1597 1743 1687 1778 813.

250 1809 288 1839 et
315 1801 490 1838 Visconti
513 1814 652 1838 annum
681 1808 889 1851 posuerunt
922 1807 1169 1851 sequentem3
1201 1813 1328 1838 verum
1355 1815 1400 1838 ex
1423 1801 1592 1850 Epistola
1613 1801 1688 1839 Ca-

251 1863 425 1907 sauboni,
446 1863 495 1900 ad
519 1863 694 1899 Marcum
714 1862 910 1900 Veis-erum
932 1863 1036 1907 data,
1058 1875 1094 1912 p.
1115 1866 1205 1900 322.
1226 1862 1289 1898 ed.
1308 1863 1493 1900 Almelov.
1513 1862 1688 1913 intelligi-

250 1932 324 1970 tur,
344 1938 403 1970 eo,
419 1937 531 1973 quem
554 1924 731 1968 indicavi,
753 1937 852 1961 anno
873 1924 1082 1960 editionem
1105 1923 1325 1973 prodiisse.)

304 1985 487 2033 Ejusdem
502 1985 770 2034 Inscriptionis
787 1985 991 2022 editionem
1005 1984 1309 2022 Glossariensem
1327 1991 1509 2021 memorat
1523 1984 1689 2022 Davides

252 2046 493 2084 Hoesehelius
520 2047 556 2083 in
588 2046 750 2096 epistota
779 2047 943 2096 quadam
975 2046 1022 2083 ad
1055 2047 1112 2083 Io.
1136 2046 1360 2090 Meursium,
1388 2046 1526 2083 inserta
1561 2047 1688 2096 Marq.

252 2108 373 2145 Gudii
415 2108 595 2157 Epistolis
625 2108 685 2145 ed.
713 2109 917 2146 Burmann.
951 2108 1088 2157 Ultraj.
1122 2110 1238 2149 1597.
1258 2114 1294 2146 4.
1325 2122 1412 2158 pag.
1443 2113 1530 2147 191.
1600 2108 1689 2146 Veri

251 2169 457 2206 admodum
493 2170 612 2207 simile
639 2177 710 2215 est,
737 2165 837 2207 'hanc
869 2162 1076 2207 editionem
1109 2170 1274 2220 priorem
1308 2170 1425 2207 fuisse
1456 2170 1690 2208 Salmasiaua

252 2230 432 2269 secundae
458 2231 734 2281 inscriptionis,
759 2232 920 2282 vulgatae
947 2245 982 2270 a.
1014 2235 1130 2269 1619.
1185 2232 1261 2269 Sed
1291 2232 1466 2270 Visconti
1496 2244 1566 2270 nec
1582 2231 1692 2273 widit

252 2292 367 2336 iilam,
390 2305 459 2330 nec
479 2292 571 2343 quid
592 2292 662 2330 sibi
690 2293 853 2330 voluerit
878 2292 1133 2343 Hoeschelius,
1154 2293 1307 2330 nomine
1334 2293 1408 2331 isto
1430 2306 1532 2338 usus,
1553 2292 1692 2331 intelli-

251 2367 339 2404 gere
359 2367 399 2391 se
419 2353 573 2391 fatetur.
629 2354 853 2404 Suspicatur
872 2354 1015 2404 itaque,
1032 2355 1229 2404 scripsisse
1249 2354 1355 2392 illum
1376 2354 1434 2391 vel
1454 2354 1691 2392 Glessarien-

253 2429 330 2453 sem
361 2417 418 2463 (h.
439 2429 473 2453 e.
501 2416 776 2460 Havniensem,
806 2416 855 2454 ab
883 2416 1006 2453 insula
1027 2416 1221 2454 Glessaria
1248 2416 1284 2453 in
1305 2417 1388 2453 sinu
1421 2415 1611 2463 codano),
1630 2415 1689 2452 vel

252 2477 557 2515 Gosslariensem
585 2482 624 2527 (a
656 2477 854 2515 Gosslaria
879 2484 945 2515 aut
973 2477 1180 2523 Goslaria).
1237 2477 1411 2527 Conjicit
1438 2490 1566 2527 porro,
1592 2477 1688 2514 hanc

251 2539 456 2577 editionem
478 2539 590 2590 plane
616 2540 777 2577 eandem
798 2552 893 2585 esse,
915 2553 1030 2589 quam
1059 2540 1256 2578 Moelleris
1276 2540 1457 2578 fratribus
1477 2553 1497 2577 a
1520 2539 1689 2577 Martino

254 2602 431 2640 Baremio
459 2602 675 2640 dedicatam
700 2601 881 2639 indicavit
903 2601 1100 2638 Fabricius
1128 2602 1152 2638 1.
1180 2615 1215 2639 c.
1243 2602 1393 2652 absque
1424 2608 1511 2638 nota
1539 2601 1625 2637 anni
1651 2606 1688 2638 et

253 2661 326 2699 loci
347 2676 425 2711 quo
457 2664 614 2714 prodiit,
645 2670 780 2701 notans
806 2663 1084 2708 tantummodo,
1104 2676 1186 2700 esse
1216 2663 1520 2703 Casaubonianae
1548 2662 1687 2712 repeti-

253 2724 421 2762 tionem:
450 2726 601 2775 qualem
628 2726 741 2763 etiam
774 2724 1016 2762 Hoeschelius
1036 2737 1140 2762 suam
1163 2725 1264 2762 illam
1299 2724 1599 2763 Glossariensem
1621 2724 1688 2762 de-

253 2785 473 2835 scripsit.——-
501 2786 707 2831 Caeterum,
724 2793 765 2823 ut
781 2792 818 2823 et
836 2786 908 2822 hoc
928 2786 1116 2823 addamus
1133 2786 1180 2823 ad
1201 2785 1400 2824 excitanda
1422 2785 1687 2832 litteratorum,

255 2847 284 2883 si
306 2846 399 2883 tanti
416 2859 475 2883 res
494 2847 680 2893 videatur,
695 2847 833 2892 studia,
847 2859 959 2897 quam
977 2847 1153 2884 Visconti
1176 2847 1245 2884 hac
1265 2847 1302 2883 in
1325 2859 1361 2883 re
1382 2846 1500 2882 lucem
1522 2858 1690 2895 spopon—

255 2906 312 2945 dit
332 2906 616 2944 conferentibus
633 2909 855 2958 Christoph.
873 2909 1008 2945 Adam.
1034 2908 1193 2957 Ruperti
1215 2906 1414 2956 epistolam
1436 2910 1499 2944 34.
1521 2906 1568 2944 ad
1585 2907 1685 2946 Tho.
