1981 3255
312 245 390 286 112
724 242 963 285 LUZACII
995 242 1327 285 PRAEFATIO.

308 356 513 407 complexu
554 356 646 402 nati,
681 357 809 394 matris
844 356 1031 406 Callippae
1072 355 1246 393 manibus
1279 354 1409 392 tulisse
1443 353 1622 396 inferias;
1669 365 1744 390 uno

308 417 440 463 verbo,
468 416 670 466 Callippen
705 430 845 454 meram
867 430 949 454 esse
980 416 1154 454 umbram
1174 422 1214 452 et
1234 414 1552 463 heredipetarum,
1572 415 1638 464 qui
1660 414 1745 452 reli*

309 491 397 528 quae
428 477 634 528 locupletis
662 479 766 514 senis
795 477 1026 515 substantiae
1057 480 1118 526 (ut
1137 488 1222 512 cum
1249 474 1323 512 Jtis
1353 474 1503 523 loquar)
1535 474 1746 519 inhiabant,

308 537 489 577 larvam.’'
548 537 714 574 Tantum
753 550 842 575 vero
876 537 926 574 ab
952 537 1026 574 isto
1063 536 1113 572 de
1150 534 1372 585 illegitimis
1396 534 1547 583 nuptiis
1573 533 1749 571 secundis

307 599 426 649 (quod
448 598 689 646 dicebamus)
708 602 932 648 argumento
950 597 1060 634 abest
1079 595 1216 640 Isaeus‚
1236 601 1279 633 ut
1297 599 1435 633 eontra
1455 593 1646 632 fateatur:
1678 599 1704 615 “
1719 593 1749 630 si

308 659 519 697 Antidorus
539 671 627 696 cum
647 657 764 696 fratre
783 660 869 708 (pro
891 657 1032 707 quibus
1062 656 1278 694 Androcles
1299 655 1553 693 hereditatem
1584 654 1751 692 vindica-

309 719 389 765 bat)
417 731 463 755 ex
482 718 639 756 muliere
670 717 754 755 cive
784 717 916 755 Attica
942 718 992 754 ab
1016 716 1253 754 Euctemone
1273 715 1434 753 fuissent
1454 714 1661 765 progeniti,
1683 727 1749 752 ne-

308 780 446 816 minem
466 778 651 830 impedire
678 778 864 829 potuisse,
895 790 971 828 quo
991 777 1115 815 minus
1135 777 1172 814 in
1193 776 1337 814 Album
1358 776 1544 814 Phratriae
1565 775 1750 813 inscribe—

308 846 439 877 rentur
469 846 508 877 et
545 838 796 877 hereditatem
827 844 1023 888 paternam
1054 837 1142 886 jure
1177 850 1246 874 suo
1282 849 1369 874 cuni
1400 836 1547 885 reliqua
1579 837 1751 885 parentis

307 901 490 951 progenie
512 901 784 951 partirentur.'’
813 900 868 942 τίς
887 903 957 949 γὰρ
978 899 1025 937 ἂν
1045 903 1224 947 γνησίους
1245 900 1355 941 ὄντας
1375 896 1451 940 οἷός
1469 914 1504 935 τε
1524 897 1568 943 ἦν
1590 901 1751 936 κωλῦσαι

309 965 531 1010 εἰσαγαγεῖν
550 966 677 999 -τοῦ
699 963 810 1012 νόμου
830 961 1042 1002 κελεύοντος
1061 962 1232 1002 ἅπαντας
1252 960 1337 1001 τοὺς
1353 962 1529 1006 γνησίους
1544 961 1751 1008 ἰσομοίρους

308 1021 403 1059 εἶναι
423 1028 496 1059 τῶν
511 1022 703 1073 πατρῴων.
724 1024 779 1071 (p.
794 1025 858 1058 58.
874 1020 1016 1058 40.'ed.
1039 1019 1194 1068 Steph.)
1224 1019 1363 1067 Neque
1386 1018 1460 1054 hoc
1477 1017 1591 1055 satis:
1621 1017 1750 1060 Quum

307 1095 480 1120 morosus
513 1095 624 1131 aeque
653 1094 699 1119 ac
731 1080 960 1118 libidinosus
992 1093 1107 1118 senex
1128 1079 1231 1116 omni
1258 1091 1332 1129 ope
1354 1077 1552 1122 niteretur,
1576 1083 1618 1116 ut
1638 1077 1750 1116 Anti-

307 1143 439 1187 dorus,
462 1142 585 1191 major
606 1148 698 1180 natu
718 1141 819 1179 filius
839 1142 909 1179 iste
929 1141 1166 1179 adulterinus
1189 1140 1225 1176 in
1248 1151 1451 1177 commune
1471 1139 1614 1176 Album
1635 1138 1752 1176 Phra-

305 1204 387 1241 triae
410 1202 697 1248 inscriberetur,
718 1203 925 1240 obsisteret
945 1214 1036 1239 vero
1065 1196 1350 1244 Philoctemon,
1375 1205 1492 1249 atque
1520 1199 1603 1248 ejus
1623 1211 1749 1237 exem-

305 1264 371 1314 plo
402 1264 621 1308 Phratores,
655 1263 818 1301 minatus
851 1263 940 1301 huic
979 1262 1259 1300 Philoctemoni
1287 1266 1397 1310 pater
1431 1266 1503 1308 est,
1543 1261 1749 1298 liberorum

305 1324 603 1375 quaerendorum
624 1337 739 1362 causa
767 1325 881 1362 aliam
901 1337 941 1362 se
971 1330 1127 1361 uxorem
1148 1323 1356 1360 ducturum
1377 1334 1460 1359 esse
1492 1322 1674 1365 domuum
1711 1328 1751 1359 et

303 1385 428 1434 reipsa
448 1384 643 1434 sponsalia
663 1383 756 1421 fecit
776 1397 863 1422 cum
890 1383 1046 1421 muliere
1067 1383 1252 1433 quadam,
1274 1382 1520 1419 Democratis
1539 1382 1749 1432 Aphidnaei

304 1457 455 1483 sorore:
495 1445 602 1488 Quas
635 1446 788 1494 nuptias
822 1444 976 1482 demum
999 1444 1140 1489 omisit,
1172 1450 1210 1481 et
1235 1443 1437 1493 repudium
1466 1443 1555 1480 huic
1592 1456 1746 1493 sponsa:

305 1505 555 1550 renunciavit,
586 1511 794 1554 postquam
820 1504 1091 1548 Philoctemon
1121 1503 1366 1553 inscriptioni
1394 1502 1502 1540 istius
1523 1504 1687 1541 hominis
1706 1505 1747 1542 ἐν

303 1569 352 1617 τῷ
371 1567 475 1616 κοινῷ
496 1567 747 1615 γραμματείῳ,
776 1569 817 1601 ut
849 1563 898 1600 ab
924 1564 1160 1601 Euctemone
1181 1571 1290 1614 patre
1315 1563 1406 1600 illuc
1440 1563 1631 1611 producti,
1654 1577 1745 1602 con-

300 1626 485 1678 sensisset
503 1627 558 1675 (ρ.
574 1628 637 1662 58.
659 1627 719 1661 35.
744 1623 804 1662 ed.
824 1623 989 1672 steph.)
1023 1625 1185 1662 Vivebat
1207 1629 1349 1668 autem,
1367 1628 1407 1659 ut
1426 1623 1543 1660 modo
1564 1624 1746 1662 observa-

306 1693 384 1723 tum
418 1691 489 1730 est,
524 1684 628 1734 prior
659 1683 908 1722 Euctemonis
945 1697 1051 1730 uxor,
1093 1684 1276 1722 Mi‘xiadis
1307 1683 1490 1733 Cephisei
1529 1684 1620 1722 filia.
1691 1690 1748 1724 En

306 1747 445 1797 igitur!
477 1745 710 1796 geminarum
742 1744 902 1782 Athenis
934 1746 1153 1795 nuptiarum
1193 1745 1384 1783 licentiam
1415 1752 1600 1794 apertam,
1635 1748 1750 1784 mani-

305 1809 456 1855 festam,
475 1822 496 1846 a
517 1809 667 1846 nemine
689 1807 903 1857 negandam
921 1811 929 1844 !
967 1809 1024 1845 En
1046 1809 1264 1853 Oratorem,
1282 1806 1394 1855 cujus
1421 1807 1639 1846 testimonio
1658 1822 1751 1847 con-

307 1876 395 1916 stet,
410 1870 511 1918 Lege
529 1868 690 1907 Athenis
713 1879 927 1907 munaum
947 1879 1103 1914 ATQUE
1122 1879 1207 1916 ,FAS
1233 1879 1404 1919 FulsSE,
1420 1878 1563 1906 BINAS
1586 1879 1748 1907 EODEM

307 1941 537 1969 TEMPORE
584 1939 776 1967 HABERE
823 1933 1037 1969 oxoniis!
1092 1931 1231 1968 Nodus
1269 1931 1404 1969 saltem
1442 1938 1516 1976 est,
1556 1931 1594 1968 in
1635 1944 1750 1981 quem

307 1992 486 2030 Reiskius
511 1995 565 2041 (p.
588 1995 678 2030 157.
701 1996 739 2029 6.
759 1992 822 2030 ed.
851 1992 997 2040 Reisk.)
1030 1992 1209 2030 incidisse
1229 1992 1301 2030 sibi
1329 1992 1430 2031 visus
1455 1999 1526 2039 est,
1556 2006 1750 2043 quemque

307 2053 487 2103 expedire
520 2053 622 2090 iilum
643 2058 830 2102 oporteat,
860 2053 941 2104 qni,
961 2053 997 2090 in
1020 2053 1090 2090 hac
1123 2053 1388 2103 disquisitione
1418 2053 1630 2100 Socratica,
1650 2054 1749 2093 Ora-

309 2123 431 2152 torum
453 2113 670 2152 Atticorum
701 2113 757 2152 uti
779 2114 939 2152 voluerit
959 2113 1201 2152 auctoritate.
