1981 3255
12 3183 20 3255 2—42.
17 3156 18 3160 „

555 208 702 250 CHR.
748 205 981 248 GOTTL.
1026 205 1278 248 HEYNII

890 326 946 350 AD

414 421 945 470 RAPHAELEM
1010 419 1422 470 FIORILLO

643 534 1027 588 EPISTO
1058 534 1195 589 LA.

205 757 284 803 UT,
303 758 373 795 etsi
395 758 478 795 aliis
512 758 837 810 occupationibus
856 760 1070 806 distinerer‚
1091 761 1165 799 hoc
1194 767 1334 807 tamen,
1356 762 1542 814 quicquid
1568 773 1638 811 est,

203 818 340 868 opellae
360 818 445 865 tibi,
462 819 518 857 vir
546 819 782 867 doctissime,
801 834 1084 867 consecrarem,
1106 822 1144 859 id
1166 823 1266 861 visus
1286 824 1378 861 mihi
1398 838 1479 863 sum
1501 826 1640 876 partim

204 877 332 917 officio
364 886 404 918 et
434 880 569 928 amori,
590 894 669 931 quo
698 886 737 920 te
765 895 787 920 a
805 883 928 933 prima
947 888 1061 921 aetate
1093 897 1175 921 sum
1208 885 1418 935 amplexus,
1437 887 1575 936 partim
1596 888 1640 925 li-

205 939 332 986 brarii,
353 941 421 979 viri
452 941 728 990 honestissimi,
758 944 953 993 precibus,
984 944 1121 995 partim
1154 946 1369 984 studiorum
1398 952 1437 985 et
1467 961 1642 987 curarum

203 1001 389 1039 variarum
408 1002 686 1053 conjunctioni,
707 1017 794 1054 quae
813 1005 907 1042 mihi
936 1018 1023 1043 cum
1044 1012 1201 1056 parente
1221 1013 1302 1054 ῐηο,
1316 1007 1398 1045 viro
1414 1009 1550 1047 artium
1565 1009 1643 1048 ele-

205 1062 335 1113 gantia
364 1069 404 1101 et
433 1063 611 1102 doctrina
647 1065 961 1112 eminentissimo,
993 1066 1211 1114 intercedit,
1243 1068 1399 1106 debere.
1456 1070 1502 1108 Id
1537 1071 1643 1121 quod

206 1123 299 1161 mihi
319 1137 366 1162 eo
385 1124 504 1175 magis
530 1125 789 1175 profitendum
810 1132 904 1176 erat,
925 1139 1003 1177 quo
1022 1128 1142 1177 magis
1164 1141 1220 1165 me
1245 1129 1295 1166 ab
1314 1130 1418 1167 omni
1446 1130 1520 1169 hoc
1550 1132 1643 1170 scri-

204 1185 350 1234 ptionis
367 1199 507 1235 genere
525 1187 690 1224 alienum
708 1200 791 1225 esse
810 1186 1004 1237 professus
1019 1200 1118 1233 sum,
1132 1189 1276 1239 quippe
1296 1191 1400 1240 quod
1416 1192 1543 1230 sensui
1557 1206 1645 1231 meo

203 1245 443 1293 adversatur,
462 1252 501 1284 et
518 1248 748 1297 arrogantiae
768 1253 836 1286 aut
854 1248 1120 1286 ostentationis
1149 1255 1277 1288 notam
1296 1251 1427 1289 nescio
1448 1266 1562 1302 quam
1582 1253 1646 1293 ha-

203 1307 296 1346 bere
314 1307 477 1346 videtur.
534 1307 650 1346 Nunc
668 1313 794 1346 autem
816 1322 873 1346 me
899 1322 922 1346 a
953 1321 1013 1347 me
1042 1309 1128 1359 ipso
1158 1310 1196 1347 id
1228 1310 1466 1361 impetrasse,
1486 1319 1528 1351 ut
1555 1314 1646 1354 huic

204 1367 338 1406 libello
370 1368 513 1416 aliquid
547 1381 613 1406 seu
644 1369 830 1419 praefarer
858 1383 925 1407 seu
959 1369 1246 1420 subjungerem,
1267 1377 1375 1409 tanto
1394 1373 1513 1424 magis
1535 1374 1646 1413 mira-

204 1430 349 1468 tionem
380 1430 509 1468 facere
537 1437 680 1480 potest,
708 1431 813 1480 quod
844 1431 907 1469 ille
938 1431 977 1468 in
1007 1444 1053 1468 eo
1084 1444 1211 1469 rerum
1231 1445 1369 1482 genere
1389 1441 1574 1481 versatur,
1596 1437 1646 1474 ad

204 1491 312 1542 quod
338 1505 410 1542 ego
434 1491 621 1542 juvenilia
639 1492 790 1542 ingenia
810 1492 966 1530 hortatu
986 1505 1072 1529 meo
1104 1506 1189 1530 raro
1217 1493 1414 1544 instigare,
1434 1496 1575 1547 saepius
1596 1498 1645 1535 ab

204 1566 251 1591 eo
270 1566 448 1599 avocare,
468 1554 586 1591 soleo.
643 1552 766 1602 Cujus
791 1553 864 1590 mei
887 1552 1028 1602 judicii
1049 1553 1234 1591 rationem
1268 1561 1306 1592 et
1337 1568 1482 1593 morem
1511 1564 1553 1594 ut
1582 1571 1645 1595 ex—

203 1626 359 1664 ponam,
376 1614 579 1652 occasione
598 1614 729 1652 oblata
749 1614 802 1652 ita
816 1619 914 1660 utar,
927 1620 968 1652 ut
992 1624 1050 1651 DE
1074 1624 1264 1653 FINIBUS
1284 1625 1442 1654 STUDn
1463 1627 1643 1655 CRITICI

207 1685 451 1713 REGUNDIS
483 1676 640 1714 omnino
677 1681 824 1720 tecum,
854 1674 911 1712 vir
938 1674 1175 1721 doctissime,
1205 1676 1337 1725 paucis
1368 1689 1488 1727 agam.
1547 1678 1646 1722 Quis

205 1736 308 1775 enim
339 1736 453 1783 foret,
475 1736 635 1787 quicum
668 1737 861 1775 lubentius
890 1736 938 1774 de
974 1736 1048 1773 hoc
1080 1736 1294 1774 litterarum
1324 1738 1453 1775 studio
1480 1752 1645 1789 agerem,

205 1810 323 1848 quam
342 1811 428 1836 cum
448 1798 530 1836 viro
549 1798 754 1836 multarum
775 1798 984 1836 litterarum
1004 1798 1186 1835 varietate
1200 1797 1254 1835 ita
1268 1797 1470 1845 instructo,
1485 1806 1528 1838 ut
1547 1801 1645 1839 bene

204 1864 346 1906 teneat,
366 1872 443 1897 non
463 1872 617 1897 omnem
636 1858 825 1897 doctrinae
845 1859 1000 1896 laudem
1018 1859 1055 1896 in
1075 1858 1209 1896 critica
1229 1858 1459 1909 scriptorum
1473 1868 1645 1900 veterum

204 1921 286 1959 sola
304 1920 505 1967 contineri,
525 1926 660 1959 contra
686 1925 815 1958 autem
847 1920 962 1971 ipsius
993 1919 1107 1969 hujus
1141 1920 1256 1957 studii
1288 1921 1441 1958 laudem
1461 1935 1645 1961 summam

205 1981 243 2018 in
263 1994 310 2018 eo
330 1981 547 2031 ponendam
568 1994 664 2026 esse,
686 1980 717 2018 si
746 1980 796 2018 ad
822 1980 912 2018 alias
939 1980 1160 2031 disciplinas
1191 1981 1448 2020 emendandas
1470 1989 1510 2021 et
1535 1983 1648 2034 perfi-

206 2041 363 2080 ciendas
382 2042 477 2080 illud
497 2041 742 2080 adhibeatur.

261 2102 467 2152 Equidem,
487 2116 572 2141 cum
601 2102 649 2140 ad
682 2103 766 2140 haec
800 2103 1046 2141 humanitatis
1077 2103 1201 2142 studia
1235 2103 1307 2141 sub
1337 2103 1494 2141 Christii
1526 2104 1647 2144 Erne-

209 2163 348 2215 stiique
374 2163 576 2214 disciplina
595 2165 757 2215 primum
785 2163 1023 2209 accederem,
1051 2164 1147 2202 bene
1182 2164 1335 2202 memini
1364 2165 1458 2202 duas
1488 2167 1649 2205 maxime

209 2226 424 2276 opiniones,
443 2239 464 2263 e
480 2225 612 2264 schola
633 2225 732 2264 forte
754 2225 1049 2271 Burmanniana,
1077 2232 1324 2276 propagatas,
1345 2226 1649 2266 commilitonum

209 2286 345 2324 animis
366 2293 446 2325 tum
464 2287 643 2333 insidere,
663 2287 838 2337 primam,
865 2287 1096 2338 philologica
1126 2293 1164 2325 et
1194 2287 1328 2325 critica
1361 2287 1502 2336 studia,
1521 2289 1552 2327 si
1571 2303 1650 2328 non

210 2348 291 2386 sola
317 2347 435 2399 digna
454 2347 543 2395 sint,
565 2348 704 2399 quibus
725 2348 917 2399 ingenium
937 2348 1134 2386 liberalius
1151 2354 1189 2386 et
1208 2348 1372 2386 erectius
1402 2362 1485 2387 sese
1514 2363 1649 2389 conse-

210 2414 306 2455 cret,
324 2410 502 2448 omnibus
530 2415 656 2447 tamen
676 2410 833 2460 reliquis
852 2409 1142 2460 disciplinarum
1168 2409 1304 2447 studiis
1333 2409 1387 2448 ita
1406 2411 1648 2458 antecellere,

210 2475 254 2508 ut
273 2470 386 2509 facile
406 2470 576 2508 omnium
596 2470 807 2508 litterarum
826 2470 1080 2508 eruditiorum
1101 2470 1356 2521 principatum
1378 2477 1528 2515 teneat;
1558 2473 1650 2509 alte-

210 2544 304 2578 ram,
326 2544 412 2570 eum
432 2531 585 2570 demum
605 2532 642 2568 in
672 2531 883 2569 litterarum
912 2531 1156 2581 antiquarum
1188 2531 1421 2583 omninoque
1451 2532 1647 2570 humanio-

211 2605 294 2630 rum
309 2592 544 2643 aliquantum
561 2592 860 2643 profecisse,qui
875 2592 1082 2642 scriptores
1095 2592 1258 2631 Graecos
1272 2593 1505 2643 Latinosque
1519 2605 1646 2630 emen-

211 2654 303 2692 dare
323 2660 362 2692 et
380 2654 614 2705 conjecturis
643 2661 789 2693 tentare
821 2654 1039 2698 didicisset;
1071 2653 1168 2692 hanc
1188 2667 1278 2693 vero
1306 2655 1427 2693 omnis
1458 2654 1646 2691 doctrinae

212 2727 296 2752 esse
327 2721 509 2766 tanquam
529 2729 670 2767 arcem,
688 2716 736 2754 ad
757 2728 870 2767 quam
892 2715 958 2766 qui
977 2715 1226 2766 pervenisset,
1247 2729 1306 2753 nae
1328 2716 1433 2753 illum
1452 2715 1646 2752 immorta-

210 2776 356 2814 litatem
382 2777 542 2815 nominis
574 2785 757 2829 tanquum
785 2783 889 2816 certa
919 2778 1161 2827 possessione
1188 2784 1330 2815 tenere.
1386 2775 1470 2813 Hac
1489 2788 1642 2825 persua-

214 2837 320 2875 sione
340 2838 504 2888 permoti
523 2851 592 2876 nos
614 2839 821 2890 scriptores
841 2844 989 2876 veteres
1009 2851 1084 2876 non
1105 2838 1182 2876 alio
1210 2836 1370 2875 consilio
1390 2836 1586 2886 perlegere
1607 2841 1646 2873 et

213 2904 392 2937 excutere
422 2899 653 2946 solebamus,
675 2913 788 2950 quam
820 2906 861 2938 ut
894 2900 1067 2939 criticam
1086 2900 1248 2947 aliquam
1276 2896 1644 2935 observatiunculam
