1981 3255
723 192 805 232 AD
839 191 1178 236 SOPHISTAS.

239 311 290 340 21.
304 306 473 349 κεχρῆσθαι]
487 305 606 348 >cpio-Hac
622 305 642 335 Ι.
660 305 757 336 Bekk.

230 366 233 370 ·
284 351 322 379 P.
350 352 421 381 663.
444 353 474 380 4.
508 348 635 389 ἔχοιμεν]
667 349 767 388 ’ἐχοιμι
791 348 811 378 1.
834 348 934 378 Bekk.

846 393 877 420 7.
894 391 936 429 τῷ

403 437 432 466 9.
446 432 655 473 γεγραμμένος]
681 432 847 473 κεχρημένος
867 434 887 462 Ι.
903 444 934 472 p.

394 481 443 507 17.
460 476 538 513 λόγος
556 476 575 505 Ι.
620 480 669 506 91.
681 473 820 513 ἐπιδείξεις
833 476 934 506 Bekk.

238 392 323 464 Ibid.¹
335 393 382 422 καὶ
398 391 489 431 κατὰ]
503 392 550 420 καὶ
567 402 627 420 om.
642 390 662 420 Ι.
679 390 780 420 Bekk.

239 446 298 464 om.
328 457 336 465 .

239 478 342 550 Rieilgk
365 518 614 558 προσδιαβάλλειν]
666 518 874 557 προδιαβάλλειν
914 520 932 547 Ι.

240 560 343 592 Bekk.
387 565 437 592 225.
453 562 516 595 τοὺς
531 571 589 590 om.
605 561 626 589 1.

1585 196 1659 237 691

1013 308 1049 336 Ρ.
1064 311 1135 338 664.
1149 310 1180 338 ὁ.
1203 305 1289 335 εἶ’νεκα
1312 305 1332 334 Ι.
1347 316 1376 346 p.

969 348 1065 387 λόγους
1081 350 1100 378 Ι.

1012 393 1048 421 Ρ.
1065 393 1136 422 665.
1162 396 1189 420 1.
1214 389 1354 432 χρᾶσθαι]
1376 389 1498 431 χρῆσθαι
1519 391 1538 420 Ι.
1557 390 1658 420 Bekk.

969 436 1000 464 3.
1015 433 1193 473 σπουδάζειν]
1208 432 1358 472 σπουδάζει
1375 444 1404 472 p.
1420 433 1518 463 Bekk.
1577 435 1606 462 7.
1618 429 1661 462 οὗ·

970 477 1030 518 τος]
1046 477 1093 506 οὐκ
1104 487 1136 515 p.
1152 486 1210 506 om.
1229 477 1247 505 Ι.
1311 480 1409 516 antep.
1423 475 1541 514 ποιεῖτο]
1559 476 1663 505 ποιοῖτο

970 520 990 548 Ι.
1007 529 1036 557 p.
1055 519 1156 549 Bekk.
1223 528 1290 558 pen.
1309 517 1541 557 ἐπιμελούμενος]
1564 517 1664 556 ἔπιμε·

972 561 1082 600 λόμενος
1099 563 1119 590 Ι.
1131 572 1162 600 p.
1181 561 1282 590 Bekk.

1444 306 1524 335 Ibid.
1541 305 1658 347 ὄχλους]

744 754 781 795 Γ
811 755 852 796 O
882 755 911 795 P
941 755 977 796 Γ
1005 756 1023 796 Ι
1054 756 1095 797 O
1124 756 1163 796 ’Υ

611 846 875 884 ΕΛΕΝΗΣ
928 846 1289 884 ΕΓΚΩΜΙΟΝ.

278 916 313 945 Ρ.
325 917 398 946 666.
409 915 454 945 tit.
469 919 617 944 roprw'r
632 915 851 955 AEONrmo‘r]
871 920 929 944 ΛΕ-

234 963 393 988 οΝτιΝοΤ
410 969 468 988 om.
484 958 522 987 Β.
539 958 559 986 1.
572 967 602 995 p.
619 957 719 987 Bekk.

277 1001 314 1030 P.
331 1002 404 1031 666.
425 1002 456 1031 5.
478 999 608 1040 ἐπαίνων]
631 999 749 1030 ἐπαίνου
770 998 871 1039 ἐπαίνῳ
893 1000 932 1030 Β.

233 1042 337 1073 Bekk.
413 1043 493 1072 Ibid.
523 1041 688 1083 ἐπιτιθέναι]
727 1041 865 1072 ἐπιθεῖναι
891 1043 930 1072 Β.

235 1084 338 1115 Bekk.
384 1087 415 1116 9.
431 1083 576 1126 ὁμόψηφος
588 1086 636 1115 καὶ
652 1084 805 1125 ὁμόφωνος]
822 1085 932 1124 ὁμόφω-

234 1137 274 1161 νος
293 1128 340 1157 καὶ
363 1127 510 1168 ὁμόψυχος
532 1127 636 1166 γέγονεν
655 1129 694 1158 Β.
712 1126 861 1168 ὁμόψυχος
884 1128 932 1156 καὶ

217 1177 219 1179 ’
236 1168 375 1209 ὁμόφωνος
391 1170 495 1210 γέγονεν
518 1171 538 1200 Ι.
559 1175 590 1200 et
612 1181 659 1210 pr.
682 1182 710 1210 p.
726 1170 863 1209 ὁμόφωνος
884 1171 931 1199 καὶ

237 1211 384 1252 ὁμόψηφος
405 1213 508 1252 γέγονεν
526 1214 627 1243 Bekk.
695 1216 746 1242 10.
760 1213 831 1253 τῶν]
854 1211 866 1242 ὃ
881 1215 933 1242 τῶν

234 1254 276 1284 Β.
343 1258 394 1286 1⁴2.
419 1256 595 1295 ἀκούσασαν]
619 1254 768 1285 ἀκούουσαν
793 1257 828 1284 Β.
851 1256 871 1284 Ι.
901 1266 931 1294 p.

235 1296 340 1326 Bekk.
409 1301 458 1328 13.
472 1298 518 1327 καὶ
538 1297 623 1335 δεῖξαι
649 1309 707 1327 om.
734 1297 754 1327 Ι.
820 1300 870 1327 14.
885 1298 931 1327 καὶ

235 1339 364 1380 παῦσαι]
381 1338 395 1370 ἢ
410 1341 520 1369 παῦσαι
538 1340 575 1369 Β.
592 1340 611 1368 Ι.
624 1350 654 1378 p.
670 1339 773 1369 Bekk.
832 1347 932 1378 antep.

230 1380 284 1410 ’καὶ
297 1384 427 1419 γυναικῶν
436 1392 494 1412 om.
507 1392 552 1421 pr.
568 1383 603 1411 B.
647 1382 727 1411 Ibid.
740 1380 770 1416 ἧς
784 1381 812 1421 ὁ]
829 1379 858 1415 ’ἧς
870 1381 932 1411 δ’δεὸ

233 1422 277 1452 Β.
293 1424 315 1453 Ι.
330 1434 362 1463 p.
377 1424 478 1454 Bekk.
534 1424 587 1453 ult.
601 1425 651 1452 τοῦ
665 1422 692 1452 δὲ
707 1423 870 1464 λεγομένου]
886 1431 932 1454 λε-

233 1463 351 1504 γομένου
366 1464 394 1495 δὲ
407 1466 446 1496 Β.

280 1508 318 1538 Ρ.
333 1510 406 1539 667.
424 1511 454 1539 2.
471 1507 567 1549 φῦναι]
589 1508 674 1547 φάναι
692 1507 732 1538 Β.
748 1509 770 1538 Ι.
785 1519 817 1547 p.
833 1510 932 1539 Bekk.

233 1552 268 1581 6.
289 1551 420 1589 μεγάλης
445 1552 467 1581 Ι.
532 1551 611 1581 Ibid.
626 1551 762 1591 μεγάλα]
787 1551 868 1590 μέγα
890 1552 930 1583 Β.

236 1592 339 1623 Bekk.
404 1596 433 1623 8.
454 1591 567 1634 οἰκείας]
590 1592 658 1628 ἰδίας
679 1592 717 1622 Β.
783 1597 813 1625 9.
834 1593 931 1633 ἔρωτος

235 1636 316 1677 φιλ.]
331 1635 426 1677 ἔρωτός
441 1647 473 1665 τε
489 1644 550 1674 φιλ.
567 1635 605 1666 Β.
619 1636 639 1665 Ι.
655 1646 687 1675 p.
704 1636 807 1666 Bekk.
852 1639 901 1667 11.
919 1638 930 1667 ὅ

239 1679 303 1719 τὴν]
321 1678 332 1708 o‘
348 1689 408 1708 om.
425 1679 464 1709 B.
480 1679 500 1708 Ι.
517 1689 548 1718 p.
566 1678 662 1709 Bekk.
708 1682 759 1709 12.
776 1679 810 1718 ἃ]
826 1679 873 1707 καὶ
890 1679 929 1710 Β.

236 1723 289 1751 15.
301 1721 510 1760 ’προσθήσομαι
526 1722 546 1750 Ι.
593 1723 643 1751 16.
654 1721 691 1754 εἷς
701 1721 766 1761 Tg]
779 1722 815 1755 εἰς
823 1723 871 1753 την
879 1728 928 1762 Tg.

235 1762 257 1792 1.
273 1773 303 1802 p.
321 1764 421 1794 Bekk.
436 1765 485 1795 τὴν
499 1764 569 1794 add.
585 1774 653 1802 sup.
668 1763 720 1793 lin.
734 1764 764 1793 in
780 1765 818 1794 B.
878 1768 927 1795 17.

234 1803 409 1847 ςουλήματι]
414 1805 587 1845 Εουλεύμασι
596 1804 802 1846 ρηζουλημασι
810 1808 928 1838 corr.B.

234 1847 517 1889 Ῑδίᾱ.κελεύσματι]
528 1848 690 1887 βουλήμασι
699 1859 743 1887 pr.
752 1849 927 1888 βουλεύμασι

235 1900 313 1920 corr.
327 1890 365 1920 B.
411 1894 461 1921 18.
475 1889 659 1931 ψηφίσμασιν
676 1892 713 1921 Β.
759 1894 808 1922 19.
822 1892 835 1923 ἢ
848 1891 927 1931 ’ἔρωτι

235 1932 345 1963 ἑλοῦσα
361 1943 420 1962 om.
436 1933 474 1963 B.
490 1934 510 1962 1.
527 1944 558 1972 p.
615 1936 667 1963 ΞΟ.
683 1933 772 1973 ἄξιος]
792 1935 839 1964 οὔκ
853 1934 927 1973 ἄξιος

234 1974 256 2004 l.
279 1975 380 2004 Bekk.
434 1980 535 2014 antep.
559 1973 658 2015 ’ἧσο-ον]
683 1976 740 2005 ἴσον
765 1978 801 2006 Β.
855 1988 924 2016 pen.

234 2016 401 2057 κρείττονος]
417 2017 566 2057 κρείσσονος
581 2018 618 2047 Β.
635 2017 738 2048 Bekk.
795 2019 877 2049 Ibid.
893 2029 926 2049 τε

235 2059 283 2088 καὶ
297 2059 427 2097 ἄγεσθαι·
439 2059 472 2090 τὸ
483 2059 537 2099 μὲν
551 2060 619 2101 γὰρ]
635 2061 681 2090 καὶ
693 2059 824 2098 ἄγεσθαι,
836 2062 883 2091 καὶ
894 2062 926 2091 τὸ

233 2100 290 2139 μὲν
310 2102 348 2132 Β.
371 2103 392 2132 Ι.
415 2114 444 2142 p.
468 2102 569 2132 Bekk.
635 2103 690 2132 ult.
705 2101 801 2145 ἧττον]
817 2104 873 2134 ἴσον
889 2106 929 2134 Β.

233 2141 318 2174 ’ἧσσον
332 2145 354 2175 Ι.
365 2146 463 2175 Bekk.
740 2168 744 2172 .

280 2188 316 2217 P.
329 2190 402 2219 668.
415 2191 446 2217 1.
456 2186 599 2228 κρείσσων]
612 2188 738 2228 κρεῖσσον
750 2190 784 2218 Β.
796 2189 817 2219 Ι.
826 2189 927 2219 Bekk.

235 2230 267 2259 5.
282 2234 314 2259 et
327 2232 357 2261 8.
373 2230 395 2259 εἲ
409 2229 453 2270 δὲ]
470 2232 483 2260 ἦ
499 2230 526 2260 δὲ
541 2231 581 2260 Β.
598 2232 616 2260 Ι.
632 2241 663 2269 p.
680 2231 780 2261 Bekk.
845 2231 926 2262 Ibid.

235 2270 267 2312 ἢ]
291 2273 326 2306 ὣς
345 2272 386 2303 B·
401 2273 404 2277 ⁴
448 2275 478 2303 6.
494 2272 568 2312 ἄξιος
583 2273 610 2313 ὁ]
628 2273 703 2312 ἄξιος
719 2270 760 2302 οὖν
775 2274 786 2303 ὁ
805 2274 841 2304 Β.
857 2275 877 2303 Ι.
894 2284 925 2312 p.

235 2313 334 2344 Bekk.
393 2316 424 2345 ’7.
440 2315 512 2354 λόγῳ
535 2315 579 2345 καὶ
600 2314 674 2354 νόμῳ
694 2315 739 2345 καὶ
761 2315 838 2358 ἔργω,
854 2316 926 2355 λόγῳ

235 2355 290 2395 μὲν
303 2356 410 2394 αἰτίας,
431 2357 504 2397 νόμῳ
519 2357 542 2387 δ’
556 2357 678 2398 ἀτιμίας
694 2358 732 2389 Β.
798 2363 849 2389 11.
865 2359 924 2389 4υὲ-

235 2397 329 2441 mres]
341 2399 426 2431 ἔπαθε
445 2401 479 2429 Β.
495 2400 516 2430 Ι.
529 2410 560 2440 p.
574 2401 675 2431 Bekk.
727 2403 779 2431 12.
792 2400 927 2442 οἰκτείρειν

236 2440 275 2471 Β.
291 2453 321 2481 p.
388 2444 438 2473 13.
453 2440 483 2472 ἦν
505 2442 534 2482 ὁ]
554 2441 584 2474 ἦν
604 2454 663 2474 om.
680 2443 719 2473 Β.
739 2444 760 2473 Ι.
776 2454 807 2483 p.
824 2444 924 2474 Bekk.

237 2486 287 2516 15.
301 2485 489 2524 σμικροτάτῳ
499 2485 539 2515 Β.
549 2485 571 2515 Ι.
581 2496 612 2526 p.
658 2488 708 2516 18.
721 2484 895 2525 ἐργάσασθαι
904 2487 924 2516 Ι.

237 2529 287 2558 19.
297 2527 374 2569 δόξῃ]
385 2527 452 2567 δόξω
466 2527 487 2558 Ι.
530 2526 619 2562 21.ἷς
630 2528 708 2569 τοὺς]
719 2527 735 2558 ἢ
748 2530 783 2562 ὡς
794 2531 829 2559 Β.
873 2531 925 2560 22.

235 2569 284 2599 καὶ
296 2570 378 2610 φιλ.]
393 2571 440 2600 καὶ
455 2569 551 2604 πόθος
565 2577 628 2610 φιλ.
644 2572 683 2601 Β.
700 2570 801 2601 Bekk.
817 2571 863 2600 καὶ
879 2571 925 2612 ζῆ-

237 2616 284 2644 λος
298 2618 360 2651 φιλ.
375 2613 396 2643 l.
453 2615 506 2644 23.
519 2613 655 2654 εὐτυχίας
669 2613 717 2643 καὶ
733 2614 924 2654 δυσπραγίας]

238 2653 382 2693 εὐτυχίαις
390 2655 437 2684 καὶ
446 2654 629 2696 δυσπραγίαις
636 2656 675 2686 Β.
683 2657 784 2687 Bekk.
826 2662 926 2696 antep.

240 2695 326 2726 ἡδοναὶ
367 2696 471 2740 ἒπαγ.]
505 2696 615 2737 ἐπῳδαὶ
642 2697 729 2736 ἐπαγ.
759 2699 798 2729 Β.
829 2700 924 2730 Bekk.

239 2738 322 2768 Ibid.
336 2737 391 2778 μὲν
411 2739 508 2775 ἡδονῆς,
525 2741 618 2779 ἐπαγ.
639 2740 681 2782 δὲ]
698 2739 752 2779 μὲν
771 2746 801 2771 et
817 2741 845 2771 δὲ
866 2753 925 2772 om.

240 2781 276 2810 B.
298 2780 320 2810 Ι.
340 2791 372 2819 p.
390 2781 488 2813 Bekk.
556 2784 608 2813 ult.
637 2782 803 2822 μετέστησε
827 2785 925 2826 γοητ.]

239 2821 420 2861 μετέστησεν
431 2823 515 2855 αὖτῆν
525 2836 605 2862 γοητ.
620 2827 656 2855 Β.
668 2826 771 2857 Bekk.

282 2864 318 2895 P.
346 2867 418 2897 669.
443 2868 473 2896 4.
499 2865 601 2909 ψευδῆ]
629 2868 656 2898 δὲ
681 2867 767 2906 ψευδῆ
789 2868 826 2898 Β.
850 2868 871 2898 Ι.
896 2879 927 2907 p.

238 2906 339 2938 Bekk.
391 2911 422 2940 6.
436 2908 485 2949 ὢν]
500 2907 531 2939 ’ἦν
546 2909 586 2939 Β.
633 2912 663 2940 7.
680 2911 694 2942 ἢ
709 2912 762 2952 τὰ]
779 2910 843 2940 εῖτα
859 2917 928 2950 post

236 2948 344 2979 lineam
359 2950 514 2981 dimidiam
526 2962 648 2982 vacuam
662 2952 683 2983 l.
727 2952 854 2993 9.εῖχεν]
869 2952 930 2994 ἔχει

236 2990 277 3041 ..Β-
292 2991 312 3023 Ι,
329 3002 361 3031 p.
377 2993 478 3024 Bekk.
521 2996 570 3024 13.
585 2993 690 3025 Ἑλένην
699 2996 812 3036 ὁμοίως]
823 2995 928 3026 Ἑλένην

237 3044 318 3072 υμνος
331 3033 409 3065 ’ἦλθεν
423 3034 519 3075 ὁμοίως
531 3037 569 3068 Β.
587 3047 619 3075 p.
636 3037 735 3070 Bekk.
752 3037 837 3069 ἑλένην
852 3038 929 3076 λόγον

965 913 1087 944 ἐλθόντα
1100 913 1198 953 ὁμοίως
1215 915 1235 944 Ι.
1279 914 1358 943 Ibid.
1373 912 1448 952 νέαν]
1465 912 1496 941 ἓιν
1509 914 1536 943 οὐ
1552 913 1609 942 νέαν
1623 913 1662 943 Β.

965 957 1038 986 ἄνουν
1060 957 1118 987 νέαν
1140 958 1160 986 Ι.
1179 957 1277 987 Bekk.
1300 956 1372 986 ἄνουν
1394 955 1440 985 ἐὰν
1463 965 1493 994 p.
1558 958 1607 985 14.
1627 957 1661 988 ὡς

965 999 1041 1040 περὶ]
1056 999 1172 1039 ὡσπερεὶ
1188 999 1224 1029 Β.
1241 1000 1261 1028 Ι.
1282 1009 1311 1039 p.
1330 997 1427 1028 Bekk.
1473 998 1553 1027 Ibid.
1566 1000 1657 1038 ἁρπα-

965 1041 1075 1082 σθῆναι]
1092 1041 1225 1081 ἡρπάσθη
1247 1042 1286 1072 Β.
1305 1052 1335 1080 p.
1357 1041 1457 1070 Bekk.
1481 1041 1611 1080 ἁρπάσαι
1638 1041 1658 1070 Ι.

965 1085 1045 1114 Ibid.
1061 1085 1098 1124 τῇ
1113 1087 1166 1124 γὰρ
1182 1084 1304 1114 mamm
1320 1084 1375 1117 νοῦς
1393 1082 1541 1123 παρέσυρε]
1558 1083 1590 1112 τὸ
1605 1085 1658 1124 γὰρ

965 1128 1015 1160 τῆς
1030 1127 1136 1161 πειθοῦς
1147 1126 1239 1166 &finci
1255 1126 1282 1156 δὲ
1297 1127 1353 1160 νοῦς
1368 1126 1407 1156 Β.
1420 1125 1452 1155 τδ
1465 1126 1517 1165 γὰρ
1533 1128 1583 1160 τῆς
1596 1136 1656 1155 πει-

966 1168 1023 1202 Θοῧς
1040 1170 1124 1211 ἐ’σχεν
1136 1171 1148 1200 ὁ
1162 1171 1217 1204 νοῧς
1233 1171 1253 1198 l.
1270 1169 1303 1199 τὸ
1326 1172 1378 1209 γὰρ
1393 1170 1443 1202 τῖς
1452 1168 1560 1204 πειθοῦς
1580 1169 1656 1209 ἐ’ξειν,

966 1212 978 1241 ὅ
994 1211 1023 1241 δὲ
1037 1214 1092 1246 νοῦς
1106 1223 1136 1252 p.
1153 1212 1254 1242 Bekk.
1318 1215 1368 1242 15.
1383 1211 1488 1251 ὄνειδος]
1505 1211 1517 1240 ὅ
1532 1212 1605 1246 εἰδὼς
1618 1213 1656 1242 Β.

967 1255 1048 1284 lbid.
1064 1255 1107 1296 οὔ]
1130 1253 1171 1284 οὖν
1191 1255 1230 1285 Β.
1254 1265 1284 1294 p.
1302 1259 1372 1292 post
1391 1255 1418 1284 οὔ
1439 1254 1544 1284 lacuna
1561 1256 1605 1285 lit.
1625 1258 1655 1285 8.

965 1304 1060 1336 capax
1077 1298 1106 1326 in
1123 1298 1145 1328 Ι.
1211 1299 1261 1327 16.
1278 1299 1325 1328 τὴν
1347 1297 1511 1326 secundum
1534 1308 1592 1327 om.
1616 1299 1656 1328 B.

963 1339 1047 1370 Ibid.
1065 1339 1166 1375 πείσας
1179 1338 1223 1379 ἦν]
1236 1341 1303 1369 cod.
1316 1339 1444 1369 Barooc.
1461 1339 1560 1370 Bekk.
1605 1343 1657 1371 19.

965 1382 1065 1423 ἀναγκ.
1088 1381 1177 1422 λόγῳ]
1204 1384 1304 1420 ἀναγκ.
1329 1381 1372 1420 τᾷἶ
1396 1381 1469 1419 λόγῳ
1492 1382 1532 1411 Β.
1551 1383 1655 1413 Bekk.

966 1426 1016 1453 21.
1032 1425 1079 1454 καὶ
1095 1435 1155 1454 om.
1172 1426 1192 1455 Ι.
1252 1435 1320 1463 pen.
1335 1423 1535 1466 ἐργασάμενοι]
1550 1424 1657 1464 ἐνεργα-

966 1466 1080 1504 σάμενοι
1098 1468 1133 1496 Β.
1150 1478 1179 1506 p.
1196 1467 1296 1497 Bekk.
1342 1467 1396 1496 ΠΙΙ.
1412 1467 1502 1497 ἄδηλα
1516 1468 1563 1497 καὶ
1578 1468 1659 1505 ἄπει-

964 1509 1040 1549 στα]
1052 1509 1167 1538 ἄπιστα
1178 1510 1224 1539 καὶ
1235 1509 1326 1538 α’ίδηλα
1340 1509 1472 1539 flamma
1481 1509 1529 1539 καὶ
1537 1510 1653 1541 ἄπιστα

963 1550 983 1579 Ι.
997 1561 1027 1590 p.
1041 1550 1142 1581 Bekk.

1007 1594 1043 1623 P.
1064 1595 1135 1624 670.
1154 1598 1182 1624 1.
1200 1598 1267 1623 ante
1282 1596 1346 1628 τοὺς
1360 1594 1405 1623 lit.
1421 1596 1451 1624 3.
1467 1604 1542 1624 eras.
1562 1593 1591 1623 in
1610 1594 1650 1624 B.

963 1635 1044 1665 Ibid.
1061 1635 1213 1676 ἀγοραίους]
1230 1637 1393 1674 ἀναγκαίους
1411 1637 1448 1665 Β.
1465 1637 1485 1665 Ι.
1503 1647 1531 1675 p.
1548 1635 1648 1666 Bekk.

963 1680 992 1708 2.
1007 1677 1237 1719 ἕτρεψε],ἔτερψε
1255 1681 1290 1709 B.
1306 1680 1326 1708 1.
1343 1690 1373 1718 p.
1391 1678 1491 1709 Bekk.
1536 1680 1566 1707 3.
1582 1678 1651 1708 ἀλλ’

962 1720 1009 1750 οὐκ
1018 1722 1038 1751 Ι.
1088 1722 1168 1752 Ibid.
1190 1722 1279 1761 τρίτον
1286 1722 1366 1762 φιλ.]
1379 1721 1469 1761 τρίτον
1478 1720 1505 1750 δὲ
1517 1727 1578 1759 φιλ.
1589 1722 1609 1750 Ι.
1620 1721 1649 1752 δὲ

962 1774 1020 1793 om.
1032 1764 1134 1795 Bekk.
1184 1767 1215 1794 4.
1230 1770 1301 1803 post
1316 1765 1350 1798 ὡς
1365 1765 1409 1793 lit.
1428 1767 1459 1793 ⁴2.
1475 1774 1549 1793 eras.
1565 1763 1596 1793 in
1610 1764 1650 1794 Β.

962 1808 992 1836 6.
1008 1806 1103 1847 λόγου]
1120 1807 1202 1846 νόμου
1225 1807 1244 1836 Ι,
1266 1818 1296 1846 p.
1347 1809 1378 1837 8.
1405 1806 1485 1835 ἄλλα
1499 1807 1649 1847 ἀλλαχοῦ]

959 1848 1062 1884 ἄλλους
1076 1850 1207 1891 ἀλλαχοῦ
1224 1850 1264 1879 B.
1275 1860 1304 1888 p.
1321 1848 1423 1882 ἄλλους
1441 1848 1520 1877 ἄλλα
1539 1850 1652 1889 χυμοὺς

959 1891 982 1921 Ι.
997 1891 1097 1921 Bekk.
1160 1892 1240 1922 Ibid.
1260 1890 1291 1921 ἐκ
1306 1901 1364 1921 om.
1380 1892 1400 1920 Ι.
1452 1894 1480 1921 9.
1496 1889 1528 1919 ἐκ
1543 1893 1596 1920 τῶν
1612 1892 1651 1921 Β.

961 1977 1011 2004 10.
1026 1974 1144 2014 ἔτρεψαν
1164 1975 1202 2005 Β.
1270 1977 1321 2005 12.
1337 1973 1586 2015 ἐξεφαρμάκευσαν
1602 1975 1650 2004 καὶ

958 2015 1124 2054 ἒγοίιτευσαν
1139 2019 1178 2047 Β.
1244 2020 1296 2047 15.
1310 2019 1408 2046 ταῦτα
1423 2018 1526 2047 ’πάντα
1540 2028 1596 2056 πρ.
1612 2018 1650 2046 Β.

962 2062 1012 2089 17.
1029 2061 1075 2089 καὶ
1091 2063 1144 2100 γὰρ
1157 2061 1273 2100 ὁρῶμεν]
1292 2060 1311 2088 ἑὶ
1325 2062 1380 2099 γὰρ
1395 2061 1506 2099 ὁρῶμεν,
1521 2059 1582 2100 ἔχει
1597 2060 1650 2099 φύ-

961 2113 1015 2138 σιν,
1032 2103 1059 2132 si
1076 2104 1114 2133 de
1136 2103 1248 2132 umbris
1267 2103 1312 2133 lit.
1331 2107 1411 2131 recte
1426 2103 1540 2137 divino,
1557 2103 1586 2131 iu
1602 2113 1649 2132 ra-

963 2155 1030 2174 sura
1057 2145 1094 2176 B.
1123 2145 1225 2175 Bekk.
1298 2147 1347 2174 18.
1372 2143 1508 2185 ἕκαστος]
1531 2143 1649 2174 ἕκαστον

963 2187 1063 2218 Bekk.
1106 2190 1156 2218 19.
1169 2188 1282 2229 καινοῖς]
1292 2189 1342 2216 κάν
1352 2188 1410 2220 τοῖς
1420 2187 1459 2217 Β.
1469 2187 1490 2216 Ι.
1503 2197 1533 2225 p.
1546 2186 1649 2217 Bekk.

962 2232 1012 2260 20.
1033 2230 1080 2260 καὶ
1103 2230 1251 2270 πολέμιον]
1276 2230 1322 2259 καὶ
1343 2229 1476 2269 πολέμιον
1496 2228 1542 2259 ἐπὶ
1565 2235 1647 2259 πολε-

960 2272 1035 2311 μίοις
1045 2274 1083 2303 Β.
1097 2283 1125 2311 p.
1139 2273 1282 2312 πολέμιος
1293 2271 1347 2301 ἐπὶ
1361 2271 1502 2310 πολέμιον
1513 2272 1533 2301 Ι.
1544 2271 1647 2302 Bekk.

961 2315 1040 2344 Ibid.
1069 2314 1202 2356 όπλίσῃς]
1230 2314 1340 2344 ὁπλίσει
1371 2314 1408 2344 Β.
1435 2312 1545 2355 ὀτπλίσῃ
1572 2315 1590 2343 Ι.
1615 2325 1647 2354 p.

960 2357 1060 2388 Bekk.
1105 2363 1205 2397 autep.
1223 2357 1390 2397 ἀλεξιτῆριον
1409 2356 1448 2386 Β.
1492 2367 1562 2396 pen.
1577 2356 1648 2386 θεά-

959 2411 1043 2430 σαιτο
1056 2401 1076 2430 Ι.
1121 2402 1175 2430 uit.
1184 2400 1318 2430 ἀκινδύνου
1329 2400 1397 2429 cod.
1407 2399 1536 2429 Barocc.
1546 2399 1646 2429 Bekk.

960 2443 1041 2472 Ibid.
1058 2442 1210 2482 μέλλοντος
1229 2441 1348 2483 οὐδέπω]
1366 2442 1415 2471 τοῦ
1434 2441 1588 2481 μέλλοντος
1608 2442 1647 2472 Β.

959 2485 979 2514 Ι.
996 2495 1026 2523 p.
1044 2485 1143 2516 Bekk.

1001 2527 1039 2557 P.
1063 2530 1136 2558 671.
1165 2533 1192 2557 1.
1219 2526 1355 2568 ἰσχυρῶς]
1377 2527 1483 2569 ἰσχυρὰ
1508 2526 1546 2555 Β.
1567 2526 1588 2554 Ι.
1615 2537 1646 2564 p.

960 2569 1059 2600 Bekk·
1111 2573 1142 2602 5.
1166 2570 1280 2611 παρόντι
1303 2569 1392 2610 wem]
1418 2567 1538 2607 (παρόντι
1561 2567 1648 2608 χρόνῳ

959 2620 1029 2651 φρον.
1044 2613 1081 2642 Β.
1101 2612 1197 2643 Bekk.
1240 2616 1270 2643 7.
1282 2612 1426 2652 ματαίαις
1439 2610 1523 2644 νόσοις
1536 2610 1583 2638 καῖ
1598 2610 1649 2639 δεμ

959 2655 1010 2688 νοῖς
1024 2655 1127 2696 πόνοις]
1143 2654 1279 2695 ματαίοις
1293 2655 1379 2688 πόνοις
1392 2653 1438 2682 καὶ
1455 2652 1551 2685 δειναῖς
1564 2651 1649 2687 νόσοις

960 2696 999 2726 Β.
1016 2697 1116 2727 Bekk.
1167 2701 1197 2728 8.
1211 2696 1377 2737 περιέπεσαν
1392 2706 1437 2733 pr.
1454 2694 1492 2724 B.
1545 2696 1574 2724 9.
1588 2694 1649 2724 ἀνέ-

959 2738 1080 2780 γραψεν]
1093 2738 1235 2779 ἐνέγραψεν
1250 2741 1287 2770 Β.
1303 2739 1323 2768 Ι.
1341 2749 1371 2777 p.
1387 2737 1489 2767 Bekk.
1541 2739 1592 2766 11.
1607 2738 1650 2766 τὸ.

960 2783 1124 2813 secundum
1145 2793 1202 2812 om.
1220 2783 1258 2813 B.
1274 2792 1305 2820 p.
1351 2781 1400 2810 15.
1414 2778 1546 2817 ὄμμασιν
1559 2777 1649 2819 ὄψιν]

959 2823 1020 2861 ὄψιν
1030 2835 1089 2855 om.
1100 2825 1138 2855 B.
1147 2825 1168 2855 Ι.
1180 2837 1208 2865 p.
1221 2825 1323 2854 Bekk.
1372 2824 1419 2852 16.
1433 2821 1538 2861 λιπεῖν]
1553 2822 1650 2850 λυπεῖν

962 2867 996 2896 Β.
1012 2867 1070 2906 1.ρ.
1088 2867 1191 2898 Bekk.
1245 2866 1325 2896 Ibid.
1339 2872 1410 2900 πεφ.
1424 2862 1499 2903 ὄψιν]
1514 2862 1584 2902 πέφ.
1600 2865 1650 2893 τήν

959 2908 1019 2946 ὄψιν
1038 2911 1076 2940 Β.
1100 2911 1200 2941 Bekk.
1255 2911 1305 2938 17.
1327 2906 1477 2946 ἐργάζοντα
1491 2905 1530 2935 Β.
1596 2908 1651 2937 18.

961 2954 1014 2981 τῶν
1025 2951 1232 2992 πραγμάτων]
1246 2950 1425 2989 πραγμάτων
1435 2948 1481 2977 καὶ
1493 2948 1649 2987 σωμάτων.

962 2994 1000 3025 Β.
1018 2995 1122 3025 Bekk.
1189 2996 1238 3023 19.
1252 2991 1354 3031 ὄμμα]
1372 2993 1460 3029 σῶμα
1479 2991 1516 3019 Β.
1579 3000 1648 3028 peu.

963 3037 1074 3077 δύναμιν
1093 3035 1206 3078 κρατεῖ]
1226 3034 1324 3074 κρατεῖ
1335 3044 1394 3064 om.
1410 3033 1448 3063 B.
1465 3032 1484 3062 Ι.
1501 3043 1530 3071 p.
1547 3032 1648 3062 Bekk.
