1981 3255
576 379 1044 428 RAPHAELIS
1102 379 1496 427 FIORILLO

832 494 1246 536 DIATRIBE

1015 621 1061 645 IN

414 712 1671 771 HERODISIAMBOGRAPHI

801 841 1284 879 FRAGMENTA

331 1063 618 1102 COROLhARn
650 1065 735 1103 loco
765 1067 967 1116 subjiciam
996 1067 1178 1105 nonnulla
1207 1066 1255 1104 de
1289 1066 1444 1105 Herode
1472 1067 1756 1118 Iambograplio

331 1125 545 1164 observata.
602 1127 840 1166 Gravissimo
859 1129 957 1167 enim
977 1142 1105 1166 errore
1129 1129 1361 1178 Interpretes
1389 1128 1437 1166 ad
1458 1129 1571 1167 Plinii
1592 1128 1757 1179 Epistol.

333 1186 416 1224 Lib.
437 1187 504 1224 IV.
524 1201 586 1237 ep.
605 1191 643 1225 3.
663 1195 701 1226 et
721 1189 930 1235 Fabricius,
958 1190 1141 1228 Biblioth.
1166 1191 1297 1227 Graec.
1317 1190 1363 1227 T.
1385 1190 1495 1227 VIII.
1518 1204 1557 1240 p.
1575 1195 1665 1231 710.
1694 1191 1759 1228 ed.

333 1254 409 1286 vet.
426 1248 632 1287 confudere
652 1250 843 1288 Herodem
854 1252 1037 1298 Atticum,
1052 1264 1136 1288 cum
1157 1251 1316 1299 antiquo
1328 1256 1366 1287 et
1380 1250 1573 1300 incognito
1589 1251 1665 1289 fere
1678 1251 1757 1288 He-

336 1308 429 1346 rode
455 1310 750 1361 Iambographo.
779 1312 935 1358 Plinius,
956 1311 1167 1349 Aristarchi
1189 1311 1323 1348 summi
1352 1311 1644 1360 criticijudicio
1671 1325 1760 1362 neg-

334 1368 448 1414 lecto,
466 1371 533 1420 qui
559 1371 789 1409 Simonidem
815 1378 853 1410 et
881 1373 1161 1422 Hipponactem
1184 1371 1544 1420 Iambographorum
1569 1372 1761 1422 principes

335 1442 416 1467 esse
445 1431 510 1476 ait,
535 1431 612 1470 vid.
639 1432 797 1470 Proclus
828 1433 1044 1470 Clirestom.
1066 1445 1153 1482 pag.
1174 1435 1264 1468 342.
1284 1438 1322 1468 et
1341 1432 1554 1470 Grammat.
1578 1433 1756 1470 Biblioth.

336 1490 494 1527 Coislin.
517 1504 605 1541 pag.
626 1496 716 1532 597.
744 1494 906 1543 palmam
936 1493 972 1529 in
1003 1493 1076 1529 hoc
1103 1504 1263 1541 poeseos
1290 1505 1426 1542 genere
1459 1493 1572 1531 tradit
1599 1493 1761 1531 Herodi.

335 1551 403 1589 Ait
428 1552 552 1591 enim:
584 1557 607 1574 “
626 1553 683 1591 Ita
702 1559 807 1591 certe
828 1567 908 1591 sum
930 1553 1089 1590 affectus
1110 1552 1204 1602 ipse,
1223 1565 1309 1595 cum
1333 1553 1473 1590 Graeca
1493 1554 1765 1604 epigrammata
1836 1568 1839 1571 ·

336 1619 414 1658 tua,
432 1626 518 1650 cum
537 1614 691 1652 lambos
706 1616 874 1665 proxime
894 1615 1067 1665 legerem.
1097 1613 1290 1656 Quantum
1307 1614 1359 1663 ibi
1376 1615 1631 1660 humanitatis,
1646 1629 1763 1655 venu-

337 1676 458 1721 statis,
492 1690 605 1726 quam
643 1677 770 1715 dulcia
807 1677 891 1715 illa!
936 1689 1048 1726 quam
1086 1675 1268 1724 antiqua!
1311 1689 1423 1725 quam
1456 1677 1612 1726 arguta!
1649 1689 1764 1726 quam

337 1739 468 1775 recta!
502 1738 779 1776 Callimachum
807 1751 878 1784 me,
907 1737 967 1775 vel
993 1737 1245 1782 HERODEM,
1274 1737 1330 1774 vel
1355 1737 1386 1774 si
1414 1737 1505 1786 quid
1534 1737 1591 1774 his
1617 1737 1765 1783 melius,

338 1803 469 1836 tenere
489 1799 733 1838 credebam.’'

392 1860 518 1897 Multa
549 1861 596 1897 ad
628 1861 822 1899 laudatum
852 1862 975 1898 locum
1011 1859 1118 1897 Plinii
1155 1860 1358 1897 moliuntur
1383 1859 1569 1909 Interpp.,
1598 1859 1777 1910 satisque·

339 1921 562 1967 ostendunt,
582 1935 619 1959 se
637 1922 684 1959 de
701 1922 855 1960 Herode
872 1923 1166 1972 Iambograplio‚
1183 1935 1228 1958 ne
1248 1920 1365 1957 fando
1382 1920 1536 1969 quidem
1553 1920 1766 1971 quidquam

338 1982 540 2020 audivisse.
596 1983 777 2028 Omnino,
798 1995 873 2032 quo
894 1989 1062 2030 tempore
1083 1981 1214 2018 vixerit
1233 1985 1346 2030 poeta
1366 1981 1549 2018 incertum
1567 1987 1624 2018 est
1644 1980 1768 2018 nobis.

339 2042 487 2080 floruit
507 2042 602 2081 forte
619 2049 787 2093 tempore
809 2043 1077 2092 Hipponactis.
1133 2043 1369 2079 Memoratur
1390 2047 1492 2078 certe
1512 2041 1685 2078 Herodes
1700 2041 1768 2078 ali-

341 2103 426 2152 quis
445 2104 481 2140 in
505 2105 758 2154 Hipponactis
780 2104 978 2149 versiculo,
996 2109 1219 2140 conservato
1239 2115 1260 2139 a
1282 2102 1494 2139 Sclioliaste
1513 2101 1560 2139 ad
1584 2101 1769 2140 Nicandri

339 2163 519 2203 Theriac.
541 2177 578 2214 p.
597 2169 662 2202 44.
690 2164 727 2202 b.
753 2165 816 2202 ed.
840 2165 931 2201 Ald.
958 2164 1212 2214 Μαιμώσσων,
1238 2165 1322 2200 ἀντὶ
1347 2170 1408 2201 τοῦ
1435 2165 1563 2210 ζητῶν.
1590 2164 1768 2216 γράφεται

342 2219 401 2257 καὶ
421 2220 642 2268 λαιμὼσσων
661 2219 742 2255 ἀντὶ
763 2222 826 2255 τοῦ
845 2224 999 2263 παινῶν,
1018 2220 1066 2259 ὡς
1084 2217 1316 2262 Ἱππώναξ,

644 2297 864 2347 Λαιμὼσσει
884 2296 919 2333 ἒέ
941 2312 1007 2333 σου
1026 2296 1064 2332 τὸ
1084 2298 1212 2347 χεῖλος
1229 2297 1277 2336 ὡς
1295 2293 1468 2344 Ἡρώδου.

343 2376 431 2414 Non
478 2375 725 2425 improbabile
767 2382 836 2421 est,
884 2380 959 2412 tam
1019 2375 1159 2412 acerbo
1207 2375 1303 2423 joco
1363 2371 1554 2424 ingenium
1604 2369 1768 2408 Herodis

343 2437 392 2475 ab
425 2436 666 2486 Hipponacte
709 2435 951 2486 perstrictum
985 2449 1080 2473 esse.
1144 2437 1302 2473 Restant
1346 2446 1469 2485 pauca
1509 2438 1654 2469 tantum
1692 2429 1769 2468 fra-

342 2504 497 2548 gmenta
528 2511 548 2535 e
580 2497 813 2534 Mimiambis
842 2510 904 2546 ap.
937 2499 1069 2534 loann.
1102 2497 1282 2535 Stobens.
1308 2498 1427 2535 Serm.
1452 2494 1594 2532 LXXI.
1620 2506 1656 2542 p.
1677 2498 1768 2532 439.

343 2558 528 2596 LXXVI.
553 2570 591 2608 p.
614 2561 704 2594 453.
735 2559 876 2595 XCVI.
903 2572 940 2608 p.
967 2564 1056 2598 530.
1085 2558 1272 2596 CXVIII.
1301 2571 1339 2608 p.
1366 2560 1455 2594 591.
1493 2556 1530 2590 S.
1557 2554 1769 2591 Maximum

342 2620 390 2656 T.
412 2619 464 2656 ll.
485 2619 591 2669 Opp.
611 2630 698 2668 pag.
714 2621 803 2656 636.
834 2617 1046 2656 Zenobium
1063 2619 1175 2656 Ceut.
1195 2618 1262 2654 VI.
1281 2622 1341 2656 10.
1397 2615 1548 2652 Nomen
1562 2615 1645 2663 ejus
1664 2614 1769 2664 apud

344 2680 539 2718 Stobaeum
560 2679 598 2716 in
620 2679 747 2716 notius
769 2679 927 2716 Hesiodi
951 2680 1112 2727 transiit,
1136 2691 1219 2716 nam
1241 2676 1326 2715 loca
1344 2677 1434 2721 duo,
1453 2688 1538 2726 quae
1558 2675 1660 2725 apud
1681 2676 1769 2713 Sto-

345 2741 483 2786 baeum,
511 2741 629 2778 Serm.
655 2739 840 2777 CXVIII.
861 2741 930 2777 sub
954 2740 1119 2777 Herodis
1146 2739 1295 2776 nomine
1324 2738 1512 2786 leguntur,
1539 2736 1575 2772 in
1602 2735 1769 2774 editione

342 2802 431 2839 anni
452 2805 565 2840 1543.
586 2800 681 2838 male
695 2799 889 2849 adscripta
904 2801 1088 2845 Hesiodo,
1108 2801 1144 2837 in
1160 2800 1253 2837 edit.
1267 2798 1355 2836 anni
1377 2802 1487 2836 1609.
1529 2796 1767 2846 Fragmenta,

344 2875 430 2912 quae
452 2863 490 2900 in
503 2862 670 2912 antiquis
689 2861 940 2912 scriptoribus
960 2861 1172 2906 observavi,
1195 2860 1256 2898 hic
1276 2872 1296 2897 a
1318 2873 1376 2897 me
1396 2857 1650 2909 proferentur.
