1981 3255
338 230 420 270 522
847 230 1043 272 HAUPT
1054 230 1251 272 MANNI

340 345 460 390 locus,
474 357 587 395 quem
603 357 638 395 p.
661 349 725 384 55.
742 359 798 396 sq.
813 346 861 384 de
880 346 1099 397 demagogis
1115 347 1239 385 aetatis
1259 359 1338 384 suae
1358 343 1516 394 subjicit
1530 340 1762 385 Dinarchus,

339 405 431 442 istos
459 406 620 444 alterum
639 406 748 444 alteri
774 407 924 456 publice
949 407 1121 444 convicia
1139 408 1186 445 de
1207 407 1392 444 industria
1412 406 1566 448 dixisse,
1588 401 1760 453 privatim

336 472 475 509 autem,
509 466 699 503 communi
737 479 940 510 consensu,
982 467 1180 516 decepisse
1216 468 1417 504 civitatem.
1475 465 1548 503 Sed
1593 461 1762 500 indidem

337 533 455 575 patet,
478 541 552 577 qua
584 528 728 565 ratione
759 535 863 573 tunc,
891 528 928 564 in
959 527 1177 565 nominibus
1207 529 1442 578 appellandis
1471 525 1634 568 cautius,
1655 524 1691 560 in
1722 535 1761 559 re

336 588 537 625 tractanda
565 589 816 637 negligentius
846 600 970 637 agere,
990 587 1183 637 nihiloque
1212 589 1336 625 minus
1366 601 1469 637 spem
1497 585 1663 623 victoriae
1691 581 1763 619 sibi

338 648 557 698 concipere,
580 650 746 697 potuerit
776 648 978 685 Demades.
1035 647 1232 695 Objicitur
1256 648 1354 684 enim
1375 648 1482 684 simul
1501 643 1764 686 Demostheni,

340 709 444 758 quod
473 710 502 746 is
527 710 670 746 nullum
699 721 867 758 unquam
901 708 1121 758 psephisma
1148 715 1284 746 contra
1314 707 1526 745 Demadem
1556 703 1765 754 scripserit,

339 770 428 808 licet
453 770 513 807 hic
534 772 653 818 egerit
674 770 842 818 indigne,
863 771 934 814 vel,
957 771 1061 819 quod
1082 770 1250 814 additur,
1273 772 1317 806 its
1335 767 1666 806 administratione
1698 776 1766 800 sua

339 837 471 867 contra
487 830 687 879 plebiscita
703 831 883 879 legesque
903 832 1020 868 multa
1036 830 1209 880 patrarit.
1245 831 1281 868 Si
1304 843 1390 866 vera
1406 828 1506 866 foret
1526 826 1663 870 oratio,
1678 830 1768 877 post

342 891 576 928 Dinarchum
597 890 798 940 prodierit,
818 898 984 941 oportet,
1004 891 1220 928 Demades:
1243 891 1332 928 dum
1354 890 1415 926 ille
1433 888 1647 938 profitetur,
1667 887 1766 923 hunc

341 965 415 988 non
435 963 566 988 ausum
590 964 672 987 esse
693 951 826 988 sistere
848 958 989 989 semet:
1021 952 1079 989 Οὺ
1096 954 1309 1001 τετόλμηκεν
1328 953 1453 992 αὐτοῖς
1469 949 1576 994 δεῖξαι
1597 948 1635 985 τὸ
1656 947 1768 997 πρόσ-

341 1027 453 1055 ωπον,
472 1011 542 1048 οὔδ’
561 1012 711 1048 ἐναντία
731 1015 771 1057 τῇ
791 1020 854 1057 τῆς
869 1010 1009 1059 βουλῆς
1033 1014 1213 1063 ἀποφάσει
1230 1014 1353 1059 λέγειν
1367 1014 1525 1056 ἠξίωσεν.
1582 1010 1634 1046 At
1658 1019 1769 1057 aeque

341 1072 465 1109 statim
482 1072 672 1121 jungitur,
695 1072 819 1121 ipsum
838 1086 909 1110 nec
930 1080 1157 1122 potestatem
1184 1073 1330 1110 senatui
1355 1072 1391 1108 in
1412 1085 1450 1109 se
1478 1069 1694 1120 inquirendi
1715 1067 1770 1104 fe-

342 1133 452 1176 cisse,
473 1146 547 1183 qua
567 1139 675 1181 parte
697 1133 829 1170 melior
851 1133 898 1170 sit
918 1133 1017 1181 ejus,
1042 1147 1156 1183 quam
1179 1132 1463 1178 Demosthenis,
1479 1143 1607 1168 causa.
1663 1128 1772 1166 Idem

343 1195 572 1239 Dinarchus,
589 1195 624 1231 in
648 1194 947 1244 Aristogitonem
970 1208 1007 1244 p.
1030 1200 1109 1240 72„
1130 1195 1233 1244 quod
1257 1200 1348 1231 tunc
1375 1200 1413 1230 et
1434 1192 1713 1230 Demosthenes
1735 1196 1774 1228 et

344 1255 536 1292 Demades
556 1255 678 1305 puniti
701 1255 840 1292 fuerint
858 1256 1174 1306 (ἐτιμωρήσασθε),
1196 1261 1403 1293 asseverat.
1434 1254 1477 1291 Id
1500 1253 1775 1302 contempsisse

346 1316 557 1353 Demadem
577 1317 802 1353 arbitramur
824 1330 832 1354 z
863 1318 1020 1365 quinon
1038 1317 1251 1366 ignorabat,
1265 1317 1335 1354 hac
1351 1329 1390 1353 se
1410 1315 1633 1353 conditione
1651 1326 1773 1350 rerum

345 1377 480 1426 patriae
501 1389 648 1426 semper
669 1378 926 1414 necessarium
945 1377 1037 1415 fore.

354 1471 358 1474 Δ
398 1438 470 1474 ΙΧ.
501 1437 572 1474 Sed
602 1437 719 1486 ipsam
741 1438 921 1475 orationis
943 1438 1142 1477 αὺὲεντίαν
1164 1440 1475 1489 pervestigemus.
1533 1441 1638 1478 Inter
1663 1453 1772 1490 argu-

346 1506 471 1548 menta
500 1497 730 1534 vindicantia
768 1498 897 1535 referri
937 1506 1106 1548 possent,
1137 1512 1224 1548 quae
1261 1508 1483 1548 sequuntur.
1541 1501 1774 1545 Demetrius,

346 1573 459 1609 quein
481 1558 705 1596 phalereum
726 1566 876 1602 vocant,
899 1560 958 1597 vix
977 1574 997 1597 e
1013 1560 1105 1596 solis
1122 1561 1318 1597 sententiis
1337 1561 1518 1608 judicat,·
1548 1562 1664 1608 unde,
1683 1562 1778 1600 ticet

346 1633 473 1657 earum
496 1619 633 1656 nullam
661 1618 698 1654 in
729 1618 942 1668 fragmento
969 1627 1100 1658 nostro
1132 1622 1315 1670 legamus,
1339 1623 1458 1660 nihilo
1487 1623 1622 1669 minus,
1652 1624 1782 1673 ipsum*

346 1681 489 1730 aliquid
520 1679 635 1717 literis
666 1681 884 1718 mandatnm
914 1682 1128 1731 reliquisse,
1151 1682 1310 1731 patebit.
1368 1684 1506 1722 Suidas
1533 1686 1704 1723 meminit.
1731 1685 1777 1722 il·
1819 1703 1823 1706 ⁴

347 1741 419 1779 lius
440 1742 748 1791 conscriptionis,
770 1742 940 1791 quamvis
963 1749 1002 1779 ut
1020 1742 1067 1780 ad
1090 1742 1359 1793 Olympiadem
1391 1746 1541 1783 missae:
1570 1746 1776 1796 pluresque

349 1802 616 1846 recentiorum,
651 1816 747 1853 quos
781 1803 880 1839 inter
913 1802 1095 1849 editores,
1127 1793 1331 1851 legitimum
1365 1818 1445 1842 esse
1477 1813 1624 1854 partum
1659 1806 1777 1856 profi-

350 1870 488 1900 tentur.
547 1864 636 1912 Ipse,
664 1863 806 1913 pariter
836 1869 970 1900 auctor
996 1867 1026 1910 ξ.
1050 1869 1111 1902 18.
1133 1871 1331 1910 memorat,
1351 1877 1391 1902 se
1413 1878 1485 1902 non
1505 1866 1698 1904 orationes
1719 1867 1779 1904 fo-

350 1937 478 1962 renses
509 1925 727 1969 scribendo,
763 1924 828 1961 sed
864 1924 1042 1962 habendo
1075 1926 1219 1970 civiles,
1254 1927 1504 1976 conspicuum
1542 1927 1622 1964 fieri
1656 1928 1778 1972 velle:

351 1985 539 2034 potuisset
558 1998 649 2034 ergo
676 1985 793 2022 solam
825 1985 922 2022 hauc
949 1986 1160 2035 excepisse,
1193 1999 1305 2036 quarn
1333 2000 1424 2025 casu
1453 1994 1679 2034 truncatam,
1701 1996 1779 2027 tan-

353 2059 468 2096 quam
488 2046 640 2090 nullam,
662 2046 804 2095 posteri
825 2046 1118 2084 considerariut.
1177 2048 1362 2092 Forsitan,
1383 2049 1419 2085 id
1443 2049 1693 2098 fragmentum
1713 2064 1779 2088 ex-

355 2114 468 2152 stare,
490 2106 663 2156 pluribus
684 2113 722 2144 et
742 2106 976 2156 incognitum
993 2107 1076 2145 fuit.
1107 2108 1163 2145 Io.
1182 2108 1373 2146 Meursius
1394 2109 1429 2145 in
1450 2109 1627 2148 biblioth.
1650 2113 1784 2149 Attica*

355 2169 492 2214 credit,
511 2169 748 2214 Ciceronem,
763 2181 875 2218 quem
891 2169 1030 2206 Fabius
1049 2170 1233 2218 sequitur,
1250 2170 1298 2207 de
1313 2170 1432 2208 altero
1449 2171 1636 2218 Demade,
1650 2173 1780 2211 Suidae

356 2236 542 2279 praeterea
571 2230 639 2266 soli
662 2238 883 2276 memoratm
905 2244 1014 2278 quem
1036 2238 1166 2268 noster
1186 2231 1393 2282 adoptarit,
1413 2244 1547 2282 agere3
1576 2247 1646 2272 nec
1669 2234 1782 2284 igitur

357 2303 506 2340 negare,
527 2298 695 2328 nostrum
718 2292 860 2341 aliquid
882 2292 1088 2340 scripsisse.
1149 2293 1347 2341 Designari
1374 2307 1529 2343 quoque
1556 2295 1693 2344 potuit,
1715 2296 1781 2334 ali-

356 2361 461 2386 orum
498 2350 659 2399 calamo,
681 2352 737 2389 vel
769 2354 960 2397 memoria,
987 2353 1236 2401 fragmentum
1265 2354 1381 2396 illud;
1413 2362 1453 2392 nt
1486 2362 1542 2393 tot
1574 2358 1782 2404 tententioe,

357 2411 496 2459 quibus
515 2410 680 2448 facetum
703 2411 822 2449 fuisse
845 2413 1055 2450 Demadem
1077 2414 1168 2450 varii
1190 2415 1502 2463 comprobarunt.
1558 2417 1704 2467 Utique
1722 2430 1782 2454 res

357 2484 489 2508 omnes
502 2485 587 2508 cutn
608 2473 826 2511 conditione
849 2475 1029 2511 Demadis
1046 2481 1087 2511 et
1108 2475 1287 2512 historica
1307 2475 1381 2512 fide
1398 2489 1510 2525 qnam
1531 2477 1675 2527 optime
1693 2489 1782 2514 con-

359 2533 536 2576 sentiunt,
554 2546 621 2570 nec
641 2535 690 2570 ab
710 2542 864 2572 auctore
886 2536 992 2573 stilus
1010 2535 1155 2572 alienus
1171 2542 1343 2584 apparet.
1399 2537 1498 2579 Quae
1519 2548 1607 2573 cum
1626 2536 1677 2572 ita
1691 2537 1782 2582 sint,

358 2605 432 2629 non
464 2592 579 2629 habet
606 2592 842 2639 sufficientia,
863 2608 933 2632 nec
964 2596 1118 2632 interius
1145 2609 1214 2633 nec
1245 2596 1419 2641 exterius,
1449 2595 1597 2638 νοθείας
1627 2597 1782 2642 indicia,

357 2653 551 2702 debetque
571 2654 777 2703 legitimum
799 2656 918 2701 credi,
940 2657 1063 2694 donec
1085 2657 1365 2694 demonstretur
1384 2659 1630 2695 contrarium.

411 2714 461 2751 X.
493 2715 628 2751 Verum
660 2722 783 2752 tamen
811 2717 937 2765 spuria
967 2718 1116 2754 videtur
1143 2719 1279 2763 oratio,
1310 2717 1461 2764 majoris
1492 2717 1567 2755 fere
1598 2721 1780 2758 momenti

357 2774 579 2812 rationibus.
645 2774 795 2811 initium
828 2775 967 2813 faciant
997 2776 1410 2825 testimoniaveterum
1445 2785 1482 2814 et
1511 2779 1780 2817 recentiorum:

357 2835 458 2872 Satis
476 2836 678 2884 perspicue
697 2834 834 2884 legitur
853 2837 953 2885 apud
975 2837 1196 2874 Ciceronem
1219 2837 1255 2872 in
1280 2837 1398 2874 Bruto
1418 2851 1451 2874 c.
1471 2842 1508 2875 9.
1529 2843 1558 2884 ς.
1581 2842 1644 2878 36.
1682 2845 1705 2861 “
1723 2840 1776 2884 Is,

356 2895 468 2944 cujus
488 2895 592 2932 nulla
610 2902 759 2932 exstant
778 2897 933 2945 scripta,
967 2897 1193 2934 Demadess·
1249 2897 1498 2936 Consentiens
1520 2900 1779 2943 Quintilianus

356 2955 449 2993 xn.
466 2961 528 2994 10.
548 2968 587 3005 p.
601 2959 692 2996 751.
722 2962 746 2978 ·‘
762 2956 805 2994 ln
820 2957 968 3006 agendo
984 2958 1211 2995 clarissimos
1231 2959 1416 3006 quosdam
1437 2961 1522 3009 (ait)
1538 2962 1629 2999 nihil
1650 2970 1777 3012 poste*
