1981 3255
638 194 721 235 AD
755 193 1102 236 LYCURGUM.
1504 199 1585 241 373

163 305 339 352 σωτηρίας
358 307 421 346 τῆς
440 301 578 342 πόλεως
598 302 666 342 τᾶς
687 300 781 351 ἐμάς
801 305 953 350 γνώμας
972 301 1208 351 ἐχειροτόνει,
1230 305 1286 339 καὶ
1307 305 1415 342 πάνθ’
1437 304 1508 342 ὅσα
1527 313 1591 350 τῆς

162 367 325 414 φυλακῆς
346 363 432 400 ἕνεκ’
450 362 657 410 ἐπράττετο,
676 364 697 407 ἡ
717 361 875 408 διάταξις
896 368 966 400 τῶν
989 362 1177 413 φυλάκων,
1198 364 1237 401 αἱ
1254 365 1394 415 τάφροι,
1415 368 1461 404 τιῖ
1478 368 1529 409 εἰς
1546 369 1592 404 τὰ

162 427 265 477 τείχη
284 425 470 476 χρήματα,
492 421 552 459 διά
568 429 640 460 τῶν
658 422 755 473 ε’μῶν
774 423 1019 475 ψηφισμάτων
1036 423 1218 472 ἐγίγνετο.
1278 425 1370 462 Erat
1388 426 1532 464 interea
1546 440 1594 464 ex

161 483 459 521 Atheniensibus
478 482 681 520 Leocrates
703 482 873 532 quidam,
900 483 965 531 qui
994 490 1098 521 metu
1121 490 1238 521 tantae
1259 483 1487 524 calamitatis
1511 500 1594 537 per-

163 543 328 589 territus,
342 544 439 582 adeo
460 557 534 581 non
551 545 683 594 patriae
703 545 937 595 periclitanti
958 546 1154 596 suppetias
1169 546 1313 592 tulerit,
1328 553 1369 584 ut
1388 548 1500 586 rebus
1516 549 1594 586 suis

163 606 373 644 convasatis
402 606 569 656 seipsum
601 619 674 643 una
701 605 948 644 subduceret.
1003 607 1053 643 Et
1078 606 1199 656 primo
1224 606 1379 657 quidem
1401 608 1463 645 ille
1489 608 1594 645 Rho-

161 665 252 703 dum
277 666 510 717 appellebat‚
530 667 669 704 deinde
690 667 830 704 laribus
850 668 888 704 in
910 667 1001 704 urbe
1022 668 1182 718 Megara
1206 668 1429 706 constitutis
1456 674 1594 706 octavo

162 727 313 765 demum
342 741 455 774 auno,
481 728 583 765 omni
611 729 737 778 sopito
760 728 948 778 pericu10‚
971 729 1125 767 domum
1154 730 1368 768 revertitur.
1426 730 1520 768 Visa
1538 736 1596 768 est

163 801 207 826 ea
233 802 348 827 causa
372 790 605 840 dignissima,
635 789 699 827 ubi
722 789 960 840 Eloquentiae
987 803 1123 828 nervos
1157 791 1374 830 intenderet
1400 792 1595 843 Lycurgus

100 845 106 850 ¹
163 851 297 901 patriae
317 851 610 897 amantissimus,
631 851 852 900 hominique
872 851 971 889 diem
989 852 1097 890 dicit.
1127 852 1400 902 Cujusjudicii
1417 861 1597 891 eventum

165 911 278 949 nobis
293 912 529 949 conservavit
549 912 719 950 AEschin.
742 918 876 950 contra
891 912 1066 963 Ctesiph.
1090 927 1125 951 c.
1147 917 1210 952 39.
1230 915 1382 965 ’Έτερος
1403 914 1430 952 δ’
1453 914 1596 961 ἰδιώτης

164 973 367 1016 ἐκπλεύσας
391 975 442 1016 εἷς
461 973 602 1018 Ῥόδον,
633 973 688 1011 ὅτι
713 973 777 1011 τὸν
803 972 922 1025 φόβον
958 974 1150 1025 ἀνάνδρως
1183 977 1327 1024 ἤνεγκε,
1363 976 1488 1027 πρώην
1519 978 1597 1014 ποτ’

164 1033 404 1083 εἰσηγγέλθη,
431 1036 489 1071 καὶ
512 1036 594 1072 ἰ’σαι
619 1035 656 1072 αἱ
682 1035 795 1086 ψῆφοι
820 1037 918 1086 αὐτῷ
938 1035 1125 1084 ἐγένοντο.
1152 1038 1179 1074 εἰ
1206 1035 1241 1074 δὲ
1262 1040 1331 1088 μιᾷ
1351 1039 1467 1088 μόνον
1492 1039 1596 1088 μετέ-

163 1112 287 1143 πεσεν,
306 1099 477 1147 ὑπώριστ’
493 1099 540 1135 ἂν
563 1099 586 1142 ἢ
604 1096 806 1135 ἀπέθανεν.
863 1097 912 1135 Et
936 1110 983 1135 ne
1004 1097 1171 1135 dubitari
1189 1098 1327 1148 possis,
1347 1098 1529 1136 discimus
1547 1098 1597 1136 ab

163 1157 247 1207 ejus
279 1157 484 1196 scholiaste
515 1158 690 1205 inedito‚⁵
715 1158 818 1196 hunc
840 1157 957 1196 fuisse
985 1159 1225 1206 Leocratem,
1253 1173 1368 1211 quem
1402 1159 1598 1199 accusavit

163 1217 377 1269 Lycurgus.

213 1278 260 1315 In
280 1279 411 1317 eadem
432 1292 561 1324 causa,
581 1278 755 1317 dissimili
773 1280 865 1318 licet
884 1280 1048 1327 fortuna,
1068 1281 1220 1320 videtur
1243 1282 1359 1321 fuisse
1380 1285 1596 1336 Autolycus

162 1338 332 1387 quidam.
388 1340 510 1389 Cujus
530 1341 786 1378 accusationis
815 1341 1036 1379 memoriam
1063 1344 1301 1382 conservavit
1321 1345 1597 1395 Harpocratio,

162 1400 312 1451 aliique.
367 1400 517 1444 Quibus
537 1401 636 1439 adde
655 1402 853 1451 antiquam
876 1402 1121 1452 Hypothesin
1146 1403 1261 1452 hujus
1282 1405 1492 1444 Orationis.
1549 1408 1599 1446 Et

163 1461 376 1511 Autolycus
402 1462 572 1512 quidem,
601 1467 642 1499 ut
664 1462 846 1500 discimus
872 1463 969 1500 infra
989 1477 1023 1501 c.
1045 1467 1108 1502 13.
1132 1465 1259 1514 capite
1287 1466 1479 1515 plectitur,
1505 1468 1599 1508 licet

163 1522 295 1560 urbem
323 1535 398 1560 non
422 1523 574 1573 quidem
599 1523 680 1573 ipse
708 1524 952 1569 deseruisset,
980 1525 1108 1563 liberis
1136 1525 1380 1565 solummodo
1399 1534 1439 1567 et
1462 1542 1596 1577 uxore,

98 1590 103 1595 “
162 1596 322 1634 quorum
351 1597 468 1635 opera
489 1585 527 1622 in
551 1585 752 1623 obsidione
781 1591 883 1623 esset
910 1586 1094 1633 inutilior,
1114 1594 1220 1626 extra
1245 1590 1418 1628 Atticam
1445 1590 1482 1629 in
1511 1599 1595 1631 tuto

161 1646 370 1684 collocatis.

215 1708 307 1745 Era't
323 1708 453 1746 itidem
473 1710 620 1760 tertius,
640 1710 706 1760 qui
726 1711 859 1749 eodem
878 1711 1038 1749 crimine
1058 1718 1264 1759 teneretur,
1286 1714 1465 1767 Lycurgo
1480 1729 1597 1756 accu-

162 1773 282 1814 sante,
305 1769 456 1806 nomine
477 1769 725 1819 Aristogiton.
782 1771 897 1814 Quod
918 1771 1140 1822 priusquam
1161 1773 1297 1811 lectori
1323 1787 1409 1813 meo
1430 1777 1596 1826 probare

160 1828 321 1879 possim,
340 1831 581 1869 emendanda
599 1838 687 1870 sunt
706 1838 876 1870 veterum
903 1833 1064 1883 scripta.
1121 1834 1349 1873 Plutarchus
1370 1837 1407 1875 in
1432 1838 1597 1891 Lycurgi

160 1890 239 1929 vita
255 1890 280 1928 :⁶
310 1890 483 1936 Εὒῦὒνας
509 1893 551 1943 (ἰ.
572 1907 605 1931 e.
629 1894 840 1945 Lycurgus)
859 1897 1167 1944 Ἀριστογείτονα,
1194 1899 1254 1934 καὶ
1277 1898 1596 1951 Κλεωκροῖτην,

162 1953 220 1989 καὶ
239 1954 447 1991 Αὐτόλυκον
467 1953 646 1998 δουλείας.
687 1955 766 1999 Qui
787 1956 956 1993 criminis
975 1957 1158 1995 societate
1171 1959 1365 2009 Autolyco
1383 1962 1595 2013 conjunge-

161 2011 286 2059 batur,
309 2021 389 2051 erat
408 2014 612 2054 Leocrates
635 2023 778 2062 noster,
805 2030 880 2054 non
907 2017 1142 2057 Cleocrates.
1198 2020 1318 2058 Porro
1344 2029 1470 2061 autem
1500 2025 1597 2064 δου-

160 2075 292 2117 λείας
312 2077 455 2125 γραφὴν
470 2076 507 2112 in
521 2076 652 2114 Attico
667 2076 749 2115 foro
771 2078 999 2116 intentatam
1018 2092 1100 2117 esse
1123 2093 1290 2131 unquam
1311 2096 1424 2122 nemo
1443 2084 1594 2133 dixerit,

161 2146 274 2171 nemo
297 2141 357 2173 est
382 2135 564 2182 omnium,
593 2138 659 2187 qui
681 2138 905 2178 tradiderit:
939 2152 1078 2191 neque,
1109 2141 1139 2180 si
1170 2143 1395 2183 tradiderint
1421 2147 1594 2195 maxime,

161 2200 324 2233 tractata
346 2203 404 2234 est
424 2209 468 2234 ea
488 2197 536 2235 de
563 2197 623 2236 his
650 2198 870 2237 hominibus
897 2201 1074 2250 quaestio.
1129 2202 1317 2242 Rescribe
1341 2205 1496 2256 itaque:
1521 2211 1594 2246 Ez’a·

160 2254 278 2299 θῦνας
306 2256 621 2308 Ἀριστογείτονα,
651 2261 709 2296 καὶ
743 2259 1031 2312 Λεωκράτην,
1067 2265 1125 2300 καὶ
1157 2264 1368 2304 Αὐτόλυκον
1403 2266 1591 2313 δειλίας.

159 2316 258 2355 Nam
278 2318 481 2356 utlaudem
503 2319 721 2358 AEschinem
741 2334 776 2359 c.
793 2322 970 2373 Ctesiph.
988 2337 1022 2362 c.
1042 2328 1106 2363 58.
1146 2326 1233 2364 Εἰσὶ
1250 2330 1324 2377 γάρ
1341 2329 1400 2365 καὶ
1418 2328 1593 2375 δειλίας

159 2382 313 2430 γραφαί.
369 2379 504 2418 Καίτοι
541 2375 767 2432 θαυμάσειεν
786 2384 842 2433 ιι’]ἱν
869 2400 924 2427 τις
950 2386 1064 2435 ὑμῶν,
1099 2388 1129 2424 εἰ’
1159 2388 1403 2439 εἰσί-φύσεως
1434 2396 1592 2444 γραφαί.

158 2440 257 2478 Εἰσί.
288 2439 402 2483 Τίνος
422 2440 523 2480 ἕνεκα
538 2455 548 2486 3
565 2441 633 2480 '‘Iv’
651 2441 803 2486 ἕκαστος
820 2446 924 2495 ἡμῶν
942 2449 1011 2490 τάς
1029 2447 1067 2484 ἐκ
1085 2453 1157 2485 τῶν
1177 2451 1298 2499 νόμων
1312 2451 1444 2501 ζημίας
1461 2451 1593 2504 φοβού-

156 2516 266 2551 μενος
283 2505 430 2553 μᾶλλον
448 2504 470 2548 ἢ
486 2501 569 2546 τοὺς
587 2506 799 2556 πολεμίους,
820 2508 983 2558 α’μείνων
1002 2510 1211 2557 ἀγωνιστὴς
1229 2511 1319 2562 ὑπὲρ
1334 2518 1398 2557 τῆς
1416 2515 1591 2565 πατρίδος

156 2563 319 2619 ὑπάρχῃ.

211 2625 329 2668 Quod
349 2631 480 2673 restat,
500 2633 586 2666 acta
615 2633 673 2666 est
690 2633 827 2666 octavo
852 2629 1007 2669 circiter
1032 2643 1133 2669 anno
1163 2639 1253 2683 post
1281 2647 1340 2673 res
1367 2635 1590 2675 Chaeroneae

158 2685 356 2724 infeliciter
377 2694 516 2738 gestaS,
536 2689 693 2740 Olymp.
714 2703 767 2728 sc.
790 2691 920 2730 CXII.
949 2695 987 2730 3.
1015 2695 1064 2740 (a.
1090 2693 1182 2732 Chr.
1201 2697 1310 2745 330.)
1342 2703 1386 2734 ut
1406 2697 1523 2748 liquet
1543 2710 1589 2735 ex

159 2757 246 2795 cap.
266 2750 329 2784 11.
345 2747 445 2792 fine3
476 2749 614 2787 eodem
630 2763 743 2796 anno,
764 2764 844 2801 quo
866 2752 1148 2793 Demosthenes
1169 2755 1398 2795 Orationum
1420 2756 1588 2808 splendi-

160 2804 351 2844 dissimam
363 2808 412 2846 de
428 2808 582 2848 Corona
601 2812 805 2861 peroravit.

182 2890 214 2939 „⁵
235 2889 416 2942 [Jam'edito
436 2895 473 2924 ab
496 2895 718 2932 Im.Bekkero‚
741 2899 856 2935 p-269.
891 2898 1062 2939 Bnexnm]

159 2942 205 2961 vav
219 2937 379 2974 Asoexga‘mv
392 2936 455 2975 νοιῖ,
467 2933 496 2966 οὗ
510 2938 681 2979 κατηγόρησε
694 2941 856 2979 Λυκοῦργος.
931 2941 944 2961 ⁶
966 2942 1004 2972 P.
1014 2944 1092 2975 ¹843·
1110 2944 1150 2973 D.

159 2973 282 3015 διαμένει
311 2974 339 3006 δὲ
363 2976 408 3006 καὶ
430 2978 443 3007 ὁ
468 2978 547 3017 λόγος
569 2979 695 3012 ἐνταῦθα,
724 2981 855 3021 κείμενος.
