<?xml version="1.0" encoding="UTF-8"?>
<!DOCTYPE html PUBLIC "-//W3C//DTD XHTML 1.0 Transitional//EN"
    "http://www.w3.org/TR/xhtml1/DTD/xhtml1-transitional.dtd">
<html xmlns="http://www.w3.org/1999/xhtml" xml:lang="en" lang="en">
 <head>
  <title>
</title>
<meta http-equiv="Content-Type" content="text/html;charset=utf-8" />
  <meta name='ocr-system' content='tesseract 3.04.00' />
  <meta name='ocr-capabilities' content='ocr_page ocr_carea ocr_par ocr_line ocrx_word'/>
</head>
<body>
  <div class='ocr_page' id='page_1' title='image "./oratoresatticie04dobs/oratoresatticie04dobs_0143.png"; bbox 0 0 1981 3255; ppageno 0'>
   <div class='ocr_carea' id='block_1_1' title="bbox 0 10 53 3255">
    <p class='ocr_par' dir='ltr' id='par_1_1' title="bbox 0 10 53 3255">
     <span class='ocr_line' id='line_1_1' title="bbox 0 10 53 3255; baseline 0 0"><span class='ocrx_word' id='word_1_1' title='bbox 0 10 53 3255; x_wconf 95' lang='lat' dir='ltr'> </span> 
     </span>
    </p>
   </div>
   <div class='ocr_carea' id='block_1_2' title="bbox 603 160 1626 206">
    <p class='ocr_par' dir='ltr' id='par_1_2' title="bbox 603 160 1626 206">
     <span class='ocr_line' id='line_1_2' title="bbox 603 160 1626 206; baseline -0.001 -1"><span class='ocrx_word' id='word_1_2' title='bbox 603 162 844 206; x_wconf 86' lang='lat' dir='ltr'><strong>LUZACII</strong></span> <span class='ocrx_word' id='word_1_3' title='bbox 877 160 1211 205; x_wconf 85' lang='lat' dir='ltr'>PRAEFATIO.</span> <span class='ocrx_word' id='word_1_4' title='bbox 1552 162 1626 204; x_wconf 85' lang='lat'>111</span> 
     </span>
    </p>
   </div>
   <div class='ocr_carea' id='block_1_3' title="bbox 150 274 1651 2894">
    <p class='ocr_par' dir='ltr' id='par_1_3' title="bbox 150 274 1642 1064">
     <span class='ocr_line' id='line_1_3' title="bbox 190 274 1637 328; baseline -0.001 -11"><span class='ocrx_word' id='word_1_5' title='bbox 190 279 299 317; x_wconf 83' lang='lat' dir='ltr'>bonis</span> <span class='ocrx_word' id='word_1_6' title='bbox 326 277 372 315; x_wconf 89' lang='lat' dir='ltr'>ad</span> <span class='ocrx_word' id='word_1_7' title='bbox 396 276 649 315; x_wconf 78' lang='lat' dir='ltr'>hereditatem</span> <span class='ocrx_word' id='word_1_8' title='bbox 670 274 1122 328; x_wconf 68' lang='lat' dir='ltr'>pertinentibus2—--in</span> <span class='ocrx_word' id='word_1_9' title='bbox 1143 287 1295 314; x_wconf 78' lang='lat' dir='ltr'>scenam</span> <span class='ocrx_word' id='word_1_10' title='bbox 1327 274 1459 325; x_wconf 83' lang='lat' dir='ltr'>prodit</span> <span class='ocrx_word' id='word_1_11' title='bbox 1480 276 1637 315; x_wconf 80' lang='lat' dir='ltr'>Andro-</span> 
     </span>
     <span class='ocr_line' id='line_1_4' title="bbox 189 334 1635 389; baseline -0.001 -12"><span class='ocrx_word' id='word_1_12' title='bbox 189 340 281 384; x_wconf 86' lang='lat' dir='ltr'>cles,</span> <span class='ocrx_word' id='word_1_13' title='bbox 319 338 566 376; x_wconf 86' lang='lat' dir='ltr'>Euctemonis</span> <span class='ocrx_word' id='word_1_14' title='bbox 609 338 671 376; x_wconf 87' lang='lat' dir='ltr'>ille</span> <span class='ocrx_word' id='word_1_15' title='bbox 706 338 862 389; x_wconf 86' lang='lat' dir='ltr'>quidem</span> <span class='ocrx_word' id='word_1_16' title='bbox 897 337 1218 387; x_wconf 84' lang='lat' dir='ltr'>consanguineus,</span> <span class='ocrx_word' id='word_1_17' title='bbox 1257 334 1322 373; x_wconf 89' lang='lat' dir='ltr'>sed</span> <span class='ocrx_word' id='word_1_18' title='bbox 1357 335 1394 372; x_wconf 94' lang='lat' dir='ltr'>in</span> <span class='ocrx_word' id='word_1_19' title='bbox 1432 336 1635 385; x_wconf 86' lang='lat' dir='ltr'>spoliando</span> 
     </span>
     <span class='ocr_line' id='line_1_5' title="bbox 191 397 1638 452; baseline -0.002 -14"><span class='ocrx_word' id='word_1_20' title='bbox 191 401 343 439; x_wconf 89' lang='lat' dir='ltr'>homine</span> <span class='ocrx_word' id='word_1_21' title='bbox 384 414 428 440; x_wconf 92' lang='lat' dir='ltr'>ac</span> <span class='ocrx_word' id='word_1_22' title='bbox 462 400 679 452; x_wconf 86' lang='lat' dir='ltr'>diripienda</span> <span class='ocrx_word' id='word_1_23' title='bbox 709 401 794 452; x_wconf 90' lang='lat' dir='ltr'>ejus</span> <span class='ocrx_word' id='word_1_24' title='bbox 828 401 992 452; x_wconf 87' lang='lat' dir='ltr'>pecunia</span> <span class='ocrx_word' id='word_1_25' title='bbox 1026 397 1237 437; x_wconf 81' lang='lat' dir='ltr'>fidissimus</span> <span class='ocrx_word' id='word_1_26' title='bbox 1269 398 1385 436; x_wconf 83' lang='lat' dir='ltr'>Alces</span> <span class='ocrx_word' id='word_1_27' title='bbox 1413 398 1572 450; x_wconf 79' lang='lat' dir='ltr'>adjutor</span> <span class='ocrx_word' id='word_1_28' title='bbox 1600 406 1638 435; x_wconf 90' lang='lat' dir='ltr'>et</span> 
     </span>
     <span class='ocr_line' id='line_1_6' title="bbox 189 458 1637 512; baseline -0.003 -12"><span class='ocrx_word' id='word_1_29' title='bbox 189 462 342 503; x_wconf 84' lang='lat' dir='ltr'>socius:</span> <span class='ocrx_word' id='word_1_30' title='bbox 373 462 526 506; x_wconf 87' lang='lat' dir='ltr'><strong>Quibus</strong></span> <span class='ocrx_word' id='word_1_31' title='bbox 555 461 699 512; x_wconf 79' lang='lat' dir='ltr'>rapinis</span> <span class='ocrx_word' id='word_1_32' title='bbox 726 476 814 501; x_wconf 91' lang='lat' dir='ltr'>cum</span> <span class='ocrx_word' id='word_1_33' title='bbox 848 462 1034 512; x_wconf 86' lang='lat' dir='ltr'>reliquam</span> <span class='ocrx_word' id='word_1_34' title='bbox 1067 460 1322 498; x_wconf 78' lang='lat' dir='ltr'>hereditatem</span> <span class='ocrx_word' id='word_1_35' title='bbox 1349 458 1494 497; x_wconf 83' lang='lat' dir='ltr'>addere</span> <span class='ocrx_word' id='word_1_36' title='bbox 1526 459 1637 497; x_wconf 85' lang='lat' dir='ltr'>etiam</span> 
     </span>
     <span class='ocr_line' id='line_1_7' title="bbox 189 520 1638 574; baseline -0.003 -13"><span class='ocrx_word' id='word_1_37' title='bbox 189 529 364 570; x_wconf 87' lang='lat' dir='ltr'>conatur,</span> <span class='ocrx_word' id='word_1_38' title='bbox 384 525 486 562; x_wconf 88' lang='lat' dir='ltr'>illam</span> <span class='ocrx_word' id='word_1_39' title='bbox 515 529 687 574; x_wconf 89' lang='lat' dir='ltr'>ereptum</span> <span class='ocrx_word' id='word_1_40' title='bbox 709 524 739 562; x_wconf 87' lang='lat' dir='ltr'>it</span> <span class='ocrx_word' id='word_1_41' title='bbox 759 523 1037 570; x_wconf 61' lang='lat' dir='ltr'>Chaerestrato,</span> <span class='ocrx_word' id='word_1_42' title='bbox 1063 521 1312 560; x_wconf 84' lang='lat' dir='ltr'>Euctemonis</span> <span class='ocrx_word' id='word_1_43' title='bbox 1332 533 1378 559; x_wconf 88' lang='lat' dir='ltr'>ex</span> <span class='ocrx_word' id='word_1_44' title='bbox 1399 524 1518 570; x_wconf 87' lang='lat' dir='ltr'>nupta</span> <span class='ocrx_word' id='word_1_45' title='bbox 1540 520 1638 557; x_wconf 80' lang='lat' dir='ltr'>Pha-</span> 
     </span>
     <span class='ocr_line' id='line_1_8' title="bbox 189 583 1640 636; baseline -0.003 -14"><span class='ocrx_word' id='word_1_46' title='bbox 189 590 362 622; x_wconf 88' lang='lat' dir='ltr'>nostrato</span> <span class='ocrx_word' id='word_1_47' title='bbox 382 584 464 623; x_wconf 85' lang='lat' dir='ltr'>filia</span> <span class='ocrx_word' id='word_1_48' title='bbox 483 584 628 636; x_wconf 88' lang='lat' dir='ltr'>nepoti,</span> <span class='ocrx_word' id='word_1_49' title='bbox 650 597 764 635; x_wconf 88' lang='lat' dir='ltr'>quem</span> <span class='ocrx_word' id='word_1_50' title='bbox 786 585 928 622; x_wconf 89' lang='lat' dir='ltr'>sororis</span> <span class='ocrx_word' id='word_1_51' title='bbox 949 583 1072 622; x_wconf 77' lang='lat' dir='ltr'>tilium</span> <span class='ocrx_word' id='word_1_52' title='bbox 1087 584 1359 622; x_wconf 88' lang='lat' dir='ltr'>Philoctemon</span> <span class='ocrx_word' id='word_1_53' title='bbox 1381 586 1471 620; x_wconf 83' lang='lat' dir='ltr'>ante</span> <span class='ocrx_word' id='word_1_54' title='bbox 1492 588 1640 632; x_wconf 86' lang='lat' dir='ltr'>patrem</span> 
     </span>
     <span class='ocr_line' id='line_1_9' title="bbox 190 642 1642 696; baseline -0.003 -13"><span class='ocrx_word' id='word_1_55' title='bbox 190 645 398 683; x_wconf 86' lang='lat' dir='ltr'>defunctus</span> <span class='ocrx_word' id='word_1_56' title='bbox 413 646 680 696; x_wconf 88' lang='lat' dir='ltr'>adoptaverat.</span> <span class='ocrx_word' id='word_1_57' title='bbox 737 646 849 683; x_wconf 91' lang='lat' dir='ltr'>Duos</span> <span class='ocrx_word' id='word_1_58' title='bbox 870 646 984 695; x_wconf 86' lang='lat' dir='ltr'>igitur</span> <span class='ocrx_word' id='word_1_59' title='bbox 1003 646 1111 693; x_wconf 85' lang='lat' dir='ltr'>alios,</span> <span class='ocrx_word' id='word_1_60' title='bbox 1137 657 1232 696; x_wconf 88' lang='lat' dir='ltr'>quos</span> <span class='ocrx_word' id='word_1_61' title='bbox 1260 642 1513 682; x_wconf 89' lang='lat' dir='ltr'>Euctemonis</span> <span class='ocrx_word' id='word_1_62' title='bbox 1541 642 1642 680; x_wconf 85' lang='lat' dir='ltr'>dice-</span> 
     </span>
     <span class='ocr_line' id='line_1_10' title="bbox 190 704 1640 756; baseline -0.003 -12"><span class='ocrx_word' id='word_1_63' title='bbox 190 707 256 744; x_wconf 90' lang='lat' dir='ltr'>bat</span> <span class='ocrx_word' id='word_1_64' title='bbox 276 705 374 745; x_wconf 90' lang='lat' dir='ltr'>filios</span> <span class='ocrx_word' id='word_1_65' title='bbox 386 706 705 756; x_wconf 88' lang='lat' dir='ltr'>(Philoctemonis</span> <span class='ocrx_word' id='word_1_66' title='bbox 722 707 820 745; x_wconf 90' lang='lat' dir='ltr'>adeo</span> <span class='ocrx_word' id='word_1_67' title='bbox 840 706 1003 754; x_wconf 83' lang='lat' dir='ltr'>fratres),</span> <span class='ocrx_word' id='word_1_68' title='bbox 1021 707 1059 744; x_wconf 91' lang='lat' dir='ltr'>in</span> <span class='ocrx_word' id='word_1_69' title='bbox 1076 707 1202 745; x_wconf 87' lang='lat' dir='ltr'>lucem</span> <span class='ocrx_word' id='word_1_70' title='bbox 1216 704 1401 756; x_wconf 84' lang='lat' dir='ltr'>producit</span> <span class='ocrx_word' id='word_1_71' title='bbox 1415 704 1640 749; x_wconf 63' lang='lat' dir='ltr'>Androcles,</span> 
     </span>
     <span class='ocr_line' id='line_1_11' title="bbox 191 767 1641 819; baseline -0.002 -14"><span class='ocrx_word' id='word_1_72' title='bbox 191 781 355 819; x_wconf 91' lang='lat' dir='ltr'>quorum</span> <span class='ocrx_word' id='word_1_73' title='bbox 377 768 502 818; x_wconf 89' lang='lat' dir='ltr'>major</span> <span class='ocrx_word' id='word_1_74' title='bbox 530 775 621 806; x_wconf 84' lang='lat' dir='ltr'>natu</span> <span class='ocrx_word' id='word_1_75' title='bbox 654 767 906 806; x_wconf 80' lang='lat' dir='ltr'>hereditatem</span> <span class='ocrx_word' id='word_1_76' title='bbox 937 768 1009 806; x_wconf 85' lang='lat' dir='ltr'>sibi</span> <span class='ocrx_word' id='word_1_77' title='bbox 1030 767 1214 814; x_wconf 86' lang='lat' dir='ltr'>vindicat,</span> <span class='ocrx_word' id='word_1_78' title='bbox 1238 779 1413 817; x_wconf 89' lang='lat' dir='ltr'>quosque</span> <span class='ocrx_word' id='word_1_79' title='bbox 1434 771 1641 816; x_wconf 81' lang='lat' dir='ltr'>prognatos</span> 
     </span>
     <span class='ocr_line' id='line_1_12' title="bbox 191 826 1639 879; baseline -0.001 -14"><span class='ocrx_word' id='word_1_80' title='bbox 191 829 273 879; x_wconf 86' lang='lat' dir='ltr'>ipse</span> <span class='ocrx_word' id='word_1_81' title='bbox 309 829 472 867; x_wconf 82' lang='lat' dir='ltr'>affirmat</span> <span class='ocrx_word' id='word_1_82' title='bbox 513 843 560 868; x_wconf 85' lang='lat' dir='ltr'>ex</span> <span class='ocrx_word' id='word_1_83' title='bbox 598 830 720 867; x_wconf 85' lang='lat' dir='ltr'>altera</span> <span class='ocrx_word' id='word_1_84' title='bbox 767 829 1018 867; x_wconf 87' lang='lat' dir='ltr'>Euctemonis</span> <span class='ocrx_word' id='word_1_85' title='bbox 1058 842 1191 876; x_wconf 85' lang='lat' dir='ltr'>uxore,</span> <span class='ocrx_word' id='word_1_86' title='bbox 1240 827 1420 878; x_wconf 90' lang='lat' dir='ltr'>Callippe</span> <span class='ocrx_word' id='word_1_87' title='bbox 1460 826 1639 876; x_wconf 85' lang='lat' dir='ltr'>quadam,</span> 
     </span>
     <span class='ocr_line' id='line_1_13' title="bbox 191 887 1642 942; baseline -0.001 -15"><span class='ocrx_word' id='word_1_88' title='bbox 191 891 388 928; x_wconf 86' lang='lat' dir='ltr'>Pistoxeni</span> <span class='ocrx_word' id='word_1_89' title='bbox 414 890 505 937; x_wconf 81' lang='lat' dir='ltr'>filia,</span> <span class='ocrx_word' id='word_1_90' title='bbox 525 891 638 941; x_wconf 89' lang='lat' dir='ltr'>cujus</span> <span class='ocrx_word' id='word_1_91' title='bbox 659 891 858 942; x_wconf 85' lang='lat' dir='ltr'>Callippes</span> <span class='ocrx_word' id='word_1_92' title='bbox 886 897 992 930; x_wconf 88' lang='lat' dir='ltr'>tutor</span> <span class='ocrx_word' id='word_1_93' title='bbox 1021 890 1218 941; x_wconf 86' lang='lat' dir='ltr'>quondam</span> <span class='ocrx_word' id='word_1_94' title='bbox 1248 889 1366 927; x_wconf 84' lang='lat' dir='ltr'>fuisse</span> <span class='ocrx_word' id='word_1_95' title='bbox 1393 888 1443 926; x_wconf 86' lang='lat' dir='ltr'>ab</span> <span class='ocrx_word' id='word_1_96' title='bbox 1475 901 1520 926; x_wconf 93' lang='lat' dir='ltr'>eo</span> <span class='ocrx_word' id='word_1_97' title='bbox 1545 887 1642 926; x_wconf 88' lang='lat' dir='ltr'>fere-</span> 
     </span>
     <span class='ocr_line' id='line_1_14' title="bbox 192 949 1640 1003; baseline -0.001 -15"><span class='ocrx_word' id='word_1_98' title='bbox 192 951 307 989; x_wconf 87' lang='lat' dir='ltr'>batur</span> <span class='ocrx_word' id='word_1_99' title='bbox 326 964 454 990; x_wconf 81' lang='lat' dir='ltr'>senex.</span> <span class='ocrx_word' id='word_1_100' title='bbox 510 951 676 989; x_wconf 85' lang='lat' dir='ltr'>Eosdem</span> <span class='ocrx_word' id='word_1_101' title='bbox 695 965 785 989; x_wconf 89' lang='lat' dir='ltr'>vero</span> <span class='ocrx_word' id='word_1_102' title='bbox 805 966 850 990; x_wconf 88' lang='lat' dir='ltr'>ex</span> <span class='ocrx_word' id='word_1_103' title='bbox 872 953 984 1003; x_wconf 84' lang='lat' dir='ltr'>Alce,</span> <span class='ocrx_word' id='word_1_104' title='bbox 1005 953 1097 990; x_wconf 89' lang='lat' dir='ltr'>dum</span> <span class='ocrx_word' id='word_1_105' title='bbox 1119 951 1285 988; x_wconf 83' lang='lat' dir='ltr'>Dionem</span> <span class='ocrx_word' id='word_1_106' title='bbox 1320 949 1498 988; x_wconf 89' lang='lat' dir='ltr'>maritum</span> <span class='ocrx_word' id='word_1_107' title='bbox 1525 949 1640 987; x_wconf 75' lang='lat' dir='ltr'>liabe—</span> 
     </span>
     <span class='ocr_line' id='line_1_15' title="bbox 150 1012 1376 1064; baseline -0.001 -15"><span class='ocrx_word' id='word_1_108' title='bbox 150 1023 157 1028; x_wconf 85' lang='lat'>·</span> <span class='ocrx_word' id='word_1_109' title='bbox 191 1019 247 1051; x_wconf 89' lang='lat' dir='ltr'>ret</span> <span class='ocrx_word' id='word_1_110' title='bbox 268 1013 325 1050; x_wconf 92' lang='lat' dir='ltr'>vel</span> <span class='ocrx_word' id='word_1_111' title='bbox 347 1013 508 1058; x_wconf 85' lang='lat' dir='ltr'>diceret,</span> <span class='ocrx_word' id='word_1_112' title='bbox 527 1013 679 1063; x_wconf 85' lang='lat' dir='ltr'>genitos</span> <span class='ocrx_word' id='word_1_113' title='bbox 700 1013 802 1052; x_wconf 80' lang='lat' dir='ltr'>haud</span> <span class='ocrx_word' id='word_1_114' title='bbox 823 1014 988 1052; x_wconf 87' lang='lat' dir='ltr'>obscure</span> <span class='ocrx_word' id='word_1_115' title='bbox 1007 1012 1200 1064; x_wconf 86' lang='lat' dir='ltr'>significat</span> <span class='ocrx_word' id='word_1_116' title='bbox 1218 1013 1376 1050; x_wconf 80' lang='lat' dir='ltr'>Orator.</span> 
     </span>
    </p>

    <p class='ocr_par' dir='ltr' id='par_1_4' title="bbox 186 1072 1651 2894">
     <span class='ocr_line' id='line_1_16' title="bbox 245 1072 1643 1124; baseline -0.001 -13"><span class='ocrx_word' id='word_1_117' title='bbox 245 1074 345 1117; x_wconf 85' lang='lat' dir='ltr'>Quae</span> <span class='ocrx_word' id='word_1_118' title='bbox 373 1073 471 1123; x_wconf 87' lang='lat' dir='ltr'>jam,</span> <span class='ocrx_word' id='word_1_119' title='bbox 509 1087 657 1124; x_wconf 81' lang='lat' dir='ltr'>quaeso,</span> <span class='ocrx_word' id='word_1_120' title='bbox 691 1081 829 1113; x_wconf 89' lang='lat' dir='ltr'>contra</span> <span class='ocrx_word' id='word_1_121' title='bbox 864 1075 932 1112; x_wconf 87' lang='lat' dir='ltr'>has</span> <span class='ocrx_word' id='word_1_122' title='bbox 961 1075 1163 1120; x_wconf 79' lang='lat' dir='ltr'>vindicias,</span> <span class='ocrx_word' id='word_1_123' title='bbox 1201 1073 1454 1111; x_wconf 83' lang='lat' dir='ltr'>Chaerestrati</span> <span class='ocrx_word' id='word_1_124' title='bbox 1490 1072 1643 1110; x_wconf 87' lang='lat' dir='ltr'>nomine</span> 
     </span>
     <span class='ocr_line' id='line_1_17' title="bbox 191 1134 1645 1184; baseline -0.001 -13"><span class='ocrx_word' id='word_1_125' title='bbox 191 1139 310 1184; x_wconf 89' lang='lat' dir='ltr'>atque</span> <span class='ocrx_word' id='word_1_126' title='bbox 340 1135 523 1173; x_wconf 90' lang='lat' dir='ltr'>avunculi</span> <span class='ocrx_word' id='word_1_127' title='bbox 555 1135 659 1172; x_wconf 88' lang='lat' dir='ltr'>illius</span> <span class='ocrx_word' id='word_1_128' title='bbox 690 1136 878 1182; x_wconf 74' lang='lat' dir='ltr'>Cliaereae,</span> <span class='ocrx_word' id='word_1_129' title='bbox 908 1136 956 1173; x_wconf 90' lang='lat' dir='ltr'>ab</span> <span class='ocrx_word' id='word_1_130' title='bbox 989 1136 1089 1173; x_wconf 86' lang='lat' dir='ltr'>Isaeo</span> <span class='ocrx_word' id='word_1_131' title='bbox 1110 1135 1285 1172; x_wconf 87' lang='lat' dir='ltr'>instituta</span> <span class='ocrx_word' id='word_1_132' title='bbox 1305 1141 1362 1172; x_wconf 90' lang='lat' dir='ltr'>est</span> <span class='ocrx_word' id='word_1_133' title='bbox 1391 1135 1567 1184; x_wconf 80' lang='lat' dir='ltr'>exceptio</span> <span class='ocrx_word' id='word_1_134' title='bbox 1586 1134 1645 1171; x_wconf 90' lang='lat' dir='ltr'>vel</span> 
     </span>
     <span class='ocr_line' id='line_1_18' title="bbox 192 1193 1643 1243; baseline -0.001 -12"><span class='ocrx_word' id='word_1_135' title='bbox 192 1193 398 1232; x_wconf 69' lang='lat' dir='ltr'>defensio?</span> <span class='ocrx_word' id='word_1_136' title='bbox 443 1198 554 1233; x_wconf 84' lang='lat' dir='ltr'>Anne</span> <span class='ocrx_word' id='word_1_137' title='bbox 586 1195 700 1234; x_wconf 85' lang='lat' dir='ltr'>haec:</span> <span class='ocrx_word' id='word_1_138' title='bbox 731 1199 754 1216; x_wconf 90' lang='lat'><strong>“</strong></span> <span class='ocrx_word' id='word_1_139' title='bbox 773 1195 913 1241; x_wconf 89' lang='lat' dir='ltr'>nullos,</span> <span class='ocrx_word' id='word_1_140' title='bbox 935 1196 1028 1234; x_wconf 92' lang='lat' dir='ltr'>dum</span> <span class='ocrx_word' id='word_1_141' title='bbox 1062 1196 1206 1233; x_wconf 87' lang='lat' dir='ltr'>viveret</span> <span class='ocrx_word' id='word_1_142' title='bbox 1238 1194 1429 1233; x_wconf 86' lang='lat' dir='ltr'>Mixiadis</span> <span class='ocrx_word' id='word_1_143' title='bbox 1463 1193 1643 1243; x_wconf 86' lang='lat' dir='ltr'>Cephisei</span> 
     </span>
     <span class='ocr_line' id='line_1_19' title="bbox 191 1254 1643 1308; baseline -0.001 -15"><span class='ocrx_word' id='word_1_144' title='bbox 191 1254 287 1301; x_wconf 86' lang='lat' dir='ltr'>filia,</span> <span class='ocrx_word' id='word_1_145' title='bbox 307 1270 354 1294; x_wconf 87' lang='lat' dir='ltr'>ex</span> <span class='ocrx_word' id='word_1_146' title='bbox 386 1256 508 1295; x_wconf 88' lang='lat' dir='ltr'>altera</span> <span class='ocrx_word' id='word_1_147' title='bbox 535 1269 669 1303; x_wconf 86' lang='lat' dir='ltr'>uxore,</span> <span class='ocrx_word' id='word_1_148' title='bbox 703 1269 791 1307; x_wconf 86' lang='lat' dir='ltr'>quae</span> <span class='ocrx_word' id='word_1_149' title='bbox 825 1257 1004 1308; x_wconf 90' lang='lat' dir='ltr'>Callippe</span> <span class='ocrx_word' id='word_1_150' title='bbox 1037 1256 1244 1303; x_wconf 79' lang='lat' dir='ltr'>diceretur,</span> <span class='ocrx_word' id='word_1_151' title='bbox 1273 1256 1417 1293; x_wconf 88' lang='lat' dir='ltr'>liberos</span> <span class='ocrx_word' id='word_1_152' title='bbox 1438 1255 1543 1292; x_wconf 86' lang='lat' dir='ltr'>nasci</span> <span class='ocrx_word' id='word_1_153' title='bbox 1574 1267 1643 1305; x_wconf 91' lang='lat' dir='ltr'>po-</span> 
     </span>
     <span class='ocr_line' id='line_1_20' title="bbox 192 1316 1645 1369; baseline -0.001 -14"><span class='ocrx_word' id='word_1_154' title='bbox 192 1318 312 1355; x_wconf 89' lang='lat' dir='ltr'>tuisse</span> <span class='ocrx_word' id='word_1_155' title='bbox 332 1318 529 1369; x_wconf 80' lang='lat' dir='ltr'>legitimos</span> <span class='ocrx_word' id='word_1_156' title='bbox 543 1335 556 1361; x_wconf 91' lang='lat'>‚·</span> <span class='ocrx_word' id='word_1_157' title='bbox 586 1325 636 1364; x_wconf 88' lang='lat' dir='ltr'>et,</span> <span class='ocrx_word' id='word_1_158' title='bbox 661 1319 692 1356; x_wconf 90' lang='lat' dir='ltr'>si</span> <span class='ocrx_word' id='word_1_159' title='bbox 713 1332 760 1356; x_wconf 87' lang='lat' dir='ltr'>ex</span> <span class='ocrx_word' id='word_1_160' title='bbox 777 1319 850 1356; x_wconf 88' lang='lat' dir='ltr'>alia</span> <span class='ocrx_word' id='word_1_161' title='bbox 870 1319 1013 1357; x_wconf 84' lang='lat' dir='ltr'>femina</span> <span class='ocrx_word' id='word_1_162' title='bbox 1033 1317 1262 1356; x_wconf 87' lang='lat' dir='ltr'>Euctemoni</span> <span class='ocrx_word' id='word_1_163' title='bbox 1283 1316 1410 1366; x_wconf 84' lang='lat' dir='ltr'>proles</span> <span class='ocrx_word' id='word_1_164' title='bbox 1430 1316 1559 1362; x_wconf 88' lang='lat' dir='ltr'>fuerit,</span> <span class='ocrx_word' id='word_1_165' title='bbox 1580 1328 1645 1353; x_wconf 89' lang='lat' dir='ltr'>ne-</span> 
     </span>
     <span class='ocr_line' id='line_1_21' title="bbox 193 1379 1644 1430; baseline -0.001 -14"><span class='ocrx_word' id='word_1_166' title='bbox 193 1392 299 1417; x_wconf 87' lang='lat' dir='ltr'>cesse</span> <span class='ocrx_word' id='word_1_167' title='bbox 320 1386 392 1426; x_wconf 88' lang='lat' dir='ltr'>est,</span> <span class='ocrx_word' id='word_1_168' title='bbox 415 1386 457 1419; x_wconf 91' lang='lat' dir='ltr'>ut</span> <span class='ocrx_word' id='word_1_169' title='bbox 484 1380 709 1419; x_wconf 79' lang='lat' dir='ltr'>adulterina</span> <span class='ocrx_word' id='word_1_170' title='bbox 729 1392 773 1417; x_wconf 87' lang='lat' dir='ltr'>ea</span> <span class='ocrx_word' id='word_1_171' title='bbox 793 1380 842 1418; x_wconf 85' lang='lat' dir='ltr'>sit</span> <span class='ocrx_word' id='word_1_172' title='bbox 863 1381 922 1418; x_wconf 92' lang='lat' dir='ltr'>vel</span> <span class='ocrx_word' id='word_1_173' title='bbox 950 1381 1087 1430; x_wconf 81' lang='lat' dir='ltr'>spuria</span> <span class='ocrx_word' id='word_1_174' title='bbox 1100 1379 1142 1417; x_wconf 79' lang='lat'>?&#39;&#39;</span> <span class='ocrx_word' id='word_1_175' title='bbox 1171 1379 1287 1424; x_wconf 87' lang='lat' dir='ltr'>Nam,</span> <span class='ocrx_word' id='word_1_176' title='bbox 1309 1391 1397 1416; x_wconf 90' lang='lat' dir='ltr'>cum</span> <span class='ocrx_word' id='word_1_177' title='bbox 1427 1379 1644 1415; x_wconf 87' lang='lat' dir='ltr'>Euctemon</span> 
     </span>
     <span class='ocr_line' id='line_1_22' title="bbox 192 1439 1645 1493; baseline -0.001 -15"><span class='ocrx_word' id='word_1_178' title='bbox 192 1442 417 1480; x_wconf 86' lang='lat' dir='ltr'>centenario</span> <span class='ocrx_word' id='word_1_179' title='bbox 449 1443 645 1493; x_wconf 88' lang='lat' dir='ltr'>proximus</span> <span class='ocrx_word' id='word_1_180' title='bbox 676 1456 697 1480; x_wconf 88' lang='lat' dir='ltr'>e</span> <span class='ocrx_word' id='word_1_181' title='bbox 731 1442 810 1480; x_wconf 84' lang='lat' dir='ltr'>vita</span> <span class='ocrx_word' id='word_1_182' title='bbox 833 1441 1055 1487; x_wconf 84' lang='lat' dir='ltr'>decederet,</span> <span class='ocrx_word' id='word_1_183' title='bbox 1090 1439 1338 1491; x_wconf 82' lang='lat' dir='ltr'>superstitem</span> <span class='ocrx_word' id='word_1_184' title='bbox 1368 1439 1495 1477; x_wconf 88' lang='lat' dir='ltr'>adhuc</span> <span class='ocrx_word' id='word_1_185' title='bbox 1526 1439 1645 1478; x_wconf 74' lang='lat' dir='ltr'>fuisse</span> 
     </span>
     <span class='ocr_line' id='line_1_23' title="bbox 194 1500 1645 1553; baseline -0.003 -12"><span class='ocrx_word' id='word_1_186' title='bbox 194 1503 357 1553; x_wconf 81' lang='lat' dir='ltr'>primam</span> <span class='ocrx_word' id='word_1_187' title='bbox 385 1503 468 1552; x_wconf 86' lang='lat' dir='ltr'>ejus</span> <span class='ocrx_word' id='word_1_188' title='bbox 496 1517 669 1550; x_wconf 86' lang='lat' dir='ltr'>uxorem,</span> <span class='ocrx_word' id='word_1_189' title='bbox 691 1517 737 1540; x_wconf 85' lang='lat' dir='ltr'>ex</span> <span class='ocrx_word' id='word_1_190' title='bbox 764 1503 828 1540; x_wconf 89' lang='lat' dir='ltr'>illa</span> <span class='ocrx_word' id='word_1_191' title='bbox 853 1503 1036 1541; x_wconf 91' lang='lat' dir='ltr'>orationis</span> <span class='ocrx_word' id='word_1_192' title='bbox 1056 1508 1166 1552; x_wconf 88' lang='lat' dir='ltr'>parte</span> <span class='ocrx_word' id='word_1_193' title='bbox 1197 1500 1404 1539; x_wconf 84' lang='lat' dir='ltr'>clarissime</span> <span class='ocrx_word' id='word_1_194' title='bbox 1425 1506 1544 1551; x_wconf 84' lang='lat' dir='ltr'>patet,</span> <span class='ocrx_word' id='word_1_195' title='bbox 1567 1500 1645 1546; x_wconf 89' lang='lat' dir='ltr'>ubi,</span> 
     </span>
     <span class='ocr_line' id='line_1_24' title="bbox 195 1556 1647 1615; baseline -0.002 -14"><span class='ocrx_word' id='word_1_196' title='bbox 195 1556 352 1614; x_wconf 85' lang='lat' dir='ltr'>cognita</span> <span class='ocrx_word' id='word_1_197' title='bbox 384 1564 508 1602; x_wconf 89' lang='lat' dir='ltr'>mariti</span> <span class='ocrx_word' id='word_1_198' title='bbox 539 1577 584 1602; x_wconf 89' lang='lat' dir='ltr'>ac</span> <span class='ocrx_word' id='word_1_199' title='bbox 611 1564 731 1615; x_wconf 86' lang='lat' dir='ltr'>patris</span> <span class='ocrx_word' id='word_1_200' title='bbox 769 1570 910 1610; x_wconf 91' lang='lat' dir='ltr'>morte,</span> <span class='ocrx_word' id='word_1_201' title='bbox 932 1564 1018 1601; x_wconf 84' lang='lat' dir='ltr'>haec</span> <span class='ocrx_word' id='word_1_202' title='bbox 1049 1563 1185 1600; x_wconf 89' lang='lat' dir='ltr'>mulier</span> <span class='ocrx_word' id='word_1_203' title='bbox 1205 1575 1294 1600; x_wconf 89' lang='lat' dir='ltr'>cum</span> <span class='ocrx_word' id='word_1_204' title='bbox 1313 1561 1468 1599; x_wconf 82' lang='lat' dir='ltr'>filiabus</span> <span class='ocrx_word' id='word_1_205' title='bbox 1498 1562 1647 1600; x_wconf 87' lang='lat' dir='ltr'>venisse</span> 
     </span>
     <span class='ocr_line' id='line_1_25' title="bbox 195 1623 1648 1675; baseline -0.001 -12"><span class='ocrx_word' id='word_1_206' title='bbox 195 1625 350 1673; x_wconf 86' lang='lat' dir='ltr'>dicitur,</span> <span class='ocrx_word' id='word_1_207' title='bbox 370 1625 480 1675; x_wconf 82' lang='lat' dir='ltr'>justa</span> <span class='ocrx_word' id='word_1_208' title='bbox 507 1625 682 1663; x_wconf 83' lang='lat' dir='ltr'>funebria</span> <span class='ocrx_word' id='word_1_209' title='bbox 707 1625 895 1663; x_wconf 87' lang='lat' dir='ltr'>defuncto</span> <span class='ocrx_word' id='word_1_210' title='bbox 929 1624 1104 1663; x_wconf 84' lang='lat' dir='ltr'>facturae.</span> <span class='ocrx_word' id='word_1_211' title='bbox 1133 1625 1181 1673; x_wconf 66' lang='grc' dir='ltr'>(ξ.</span> <span class='ocrx_word' id='word_1_212' title='bbox 1203 1623 1265 1673; x_wconf 87' lang='grc' dir='ltr'>η’.)</span> <span class='ocrx_word' id='word_1_213' title='bbox 1289 1623 1412 1669; x_wconf 81' lang='grc' dir='ltr'>ἐπειδὴ</span> <span class='ocrx_word' id='word_1_214' title='bbox 1431 1624 1562 1673; x_wconf 79' lang='grc' dir='ltr'>ἑτέρων</span> <span class='ocrx_word' id='word_1_215' title='bbox 1581 1640 1648 1661; x_wconf 83' lang='grc' dir='ltr'>πυ-</span> 
     </span>
     <span class='ocr_line' id='line_1_26' title="bbox 196 1684 1649 1739; baseline -0.001 -15"><span class='ocrx_word' id='word_1_216' title='bbox 196 1687 347 1739; x_wconf 64' lang='grc' dir='ltr'>θόμενοι</span> <span class='ocrx_word' id='word_1_217' title='bbox 368 1686 485 1733; x_wconf 61' lang='grc' dir='ltr'>ἦλθον</span> <span class='ocrx_word' id='word_1_218' title='bbox 515 1688 553 1724; x_wconf 84' lang='grc' dir='ltr'>αἱ</span> <span class='ocrx_word' id='word_1_219' title='bbox 583 1686 784 1738; x_wconf 60' lang='grc' dir='ltr'>θυγατέρες</span> <span class='ocrx_word' id='word_1_220' title='bbox 803 1690 913 1725; x_wconf 74' lang='grc' dir='ltr'>αὑτοῦ</span> <span class='ocrx_word' id='word_1_221' title='bbox 933 1689 991 1724; x_wconf 81' lang='grc' dir='ltr'>καὶ</span> <span class='ocrx_word' id='word_1_222' title='bbox 1015 1689 1037 1732; x_wconf 81' lang='grc' dir='ltr'>ἡ</span> <span class='ocrx_word' id='word_1_223' title='bbox 1063 1689 1171 1735; x_wconf 79' lang='grc' dir='ltr'>γύνη.</span> <span class='ocrx_word' id='word_1_224' title='bbox 1205 1692 1244 1723; x_wconf 86' lang='lat' dir='ltr'>et</span> <span class='ocrx_word' id='word_1_225' title='bbox 1275 1699 1386 1725; x_wconf 85' lang='lat' dir='ltr'>mox:</span> <span class='ocrx_word' id='word_1_226' title='bbox 1415 1687 1454 1723; x_wconf 83' lang='grc' dir='ltr'>αἱ</span> <span class='ocrx_word' id='word_1_227' title='bbox 1484 1686 1554 1735; x_wconf 73' lang='grc' dir='ltr'>μὲν</span> <span class='ocrx_word' id='word_1_228' title='bbox 1583 1684 1649 1723; x_wconf 69' lang='grc' dir='ltr'>οὖν</span> 
     </span>
     <span class='ocr_line' id='line_1_27' title="bbox 195 1747 1650 1801; baseline -0.001 -14"><span class='ocrx_word' id='word_1_229' title='bbox 195 1755 384 1798; x_wconf 79' lang='grc' dir='ltr'><em>γυναῖκες,</em></span> <span class='ocrx_word' id='word_1_230' title='bbox 407 1748 485 1787; x_wconf 72' lang='grc' dir='ltr'><em>οἷον</em></span> <span class='ocrx_word' id='word_1_231' title='bbox 503 1749 613 1795; x_wconf 80' lang='grc' dir='ltr'><em>εἰκὸς,</em></span> <span class='ocrx_word' id='word_1_232' title='bbox 633 1752 713 1801; x_wconf 82' lang='grc' dir='ltr'>περὶ</span> <span class='ocrx_word' id='word_1_233' title='bbox 730 1750 793 1787; x_wconf 83' lang='grc' dir='ltr'>τὸν</span> <span class='ocrx_word' id='word_1_234' title='bbox 812 1751 1094 1796; x_wconf 75' lang='grc' dir='ltr'>τετελευτηκότα</span> <span class='ocrx_word' id='word_1_235' title='bbox 1120 1747 1231 1794; x_wconf 74' lang='grc' dir='ltr'><strong><em>ἦσαν.</em></strong></span> <span class='ocrx_word' id='word_1_236' title='bbox 1287 1748 1404 1786; x_wconf 86' lang='lat' dir='ltr'>Anne</span> <span class='ocrx_word' id='word_1_237' title='bbox 1424 1748 1540 1798; x_wconf 84' lang='lat' dir='ltr'>igitur</span> <span class='ocrx_word' id='word_1_238' title='bbox 1564 1748 1650 1786; x_wconf 77' lang='lat' dir='ltr'>sini-</span> 
     </span>
     <span class='ocr_line' id='line_1_28' title="bbox 194 1808 1646 1859; baseline 0 -13"><span class='ocrx_word' id='word_1_239' title='bbox 194 1809 286 1859; x_wconf 77' lang='lat' dir='ltr'>plici</span> <span class='ocrx_word' id='word_1_240' title='bbox 307 1811 378 1848; x_wconf 86' lang='lat' dir='ltr'>ista</span> <span class='ocrx_word' id='word_1_241' title='bbox 399 1811 520 1848; x_wconf 88' lang='lat' dir='ltr'>Isaeus</span> <span class='ocrx_word' id='word_1_242' title='bbox 541 1809 766 1848; x_wconf 83' lang='lat' dir='ltr'>defensione</span> <span class='ocrx_word' id='word_1_243' title='bbox 785 1810 928 1848; x_wconf 87' lang='lat' dir='ltr'>utitur:</span> <span class='ocrx_word' id='word_1_244' title='bbox 960 1808 1082 1847; x_wconf 80' lang='lat' dir='ltr'>“fieri</span> <span class='ocrx_word' id='word_1_245' title='bbox 1110 1821 1187 1846; x_wconf 94' lang='lat' dir='ltr'>non</span> <span class='ocrx_word' id='word_1_246' title='bbox 1217 1820 1346 1858; x_wconf 85' lang='lat' dir='ltr'>posse,</span> <span class='ocrx_word' id='word_1_247' title='bbox 1367 1814 1410 1846; x_wconf 89' lang='lat' dir='ltr'>ut</span> <span class='ocrx_word' id='word_1_248' title='bbox 1440 1808 1646 1858; x_wconf 88' lang='lat' dir='ltr'>quisquam</span> 
     </span>
     <span class='ocr_line' id='line_1_29' title="bbox 194 1869 1647 1921; baseline -0.001 -14"><span class='ocrx_word' id='word_1_249' title='bbox 194 1876 274 1907; x_wconf 90' lang='lat' dir='ltr'>tam</span> <span class='ocrx_word' id='word_1_250' title='bbox 293 1871 342 1908; x_wconf 81' lang='lat' dir='ltr'>sit</span> <span class='ocrx_word' id='word_1_251' title='bbox 362 1870 565 1920; x_wconf 87' lang='lat' dir='ltr'>impudens</span> <span class='ocrx_word' id='word_1_252' title='bbox 586 1876 663 1908; x_wconf 87' lang='lat' dir='ltr'>tam</span> <span class='ocrx_word' id='word_1_253' title='bbox 692 1870 889 1921; x_wconf 73' lang='lat' dir='ltr'>perfrictae</span> <span class='ocrx_word' id='word_1_254' title='bbox 911 1870 1051 1908; x_wconf 81' lang='lat' dir='ltr'>frontis</span> <span class='ocrx_word' id='word_1_255' title='bbox 1085 1875 1123 1906; x_wconf 89' lang='lat' dir='ltr'>et</span> <span class='ocrx_word' id='word_1_256' title='bbox 1150 1882 1298 1915; x_wconf 84' lang='lat' dir='ltr'>vecors,</span> <span class='ocrx_word' id='word_1_257' title='bbox 1322 1875 1363 1907; x_wconf 89' lang='lat' dir='ltr'>ut</span> <span class='ocrx_word' id='word_1_258' title='bbox 1394 1869 1647 1907; x_wconf 82' lang='lat' dir='ltr'>hereditatem</span> 
     </span>
     <span class='ocr_line' id='line_1_30' title="bbox 195 1930 1649 1982; baseline -0.001 -13"><span class='ocrx_word' id='word_1_259' title='bbox 195 1930 348 1969; x_wconf 84' lang='lat' dir='ltr'>filiabus</span> <span class='ocrx_word' id='word_1_260' title='bbox 368 1944 413 1969; x_wconf 87' lang='lat' dir='ltr'>ac</span> <span class='ocrx_word' id='word_1_261' title='bbox 433 1931 564 1982; x_wconf 86' lang='lat' dir='ltr'>nepoti</span> <span class='ocrx_word' id='word_1_262' title='bbox 597 1931 848 1969; x_wconf 87' lang='lat' dir='ltr'>Euctemonis</span> <span class='ocrx_word' id='word_1_263' title='bbox 869 1931 1056 1977; x_wconf 87' lang='lat' dir='ltr'>debitam,</span> <span class='ocrx_word' id='word_1_264' title='bbox 1077 1930 1248 1967; x_wconf 87' lang='lat' dir='ltr'>vindicet</span> <span class='ocrx_word' id='word_1_265' title='bbox 1275 1930 1419 1975; x_wconf 91' lang='lat' dir='ltr'>liberis,</span> <span class='ocrx_word' id='word_1_266' title='bbox 1444 1942 1542 1979; x_wconf 88' lang='lat' dir='ltr'>quos</span> <span class='ocrx_word' id='word_1_267' title='bbox 1574 1930 1649 1975; x_wconf 88' lang='lat' dir='ltr'>ille,</span> 
     </span>
     <span class='ocr_line' id='line_1_31' title="bbox 197 1990 1651 2042; baseline 0 -14"><span class='ocrx_word' id='word_1_268' title='bbox 197 2004 273 2029; x_wconf 90' lang='lat' dir='ltr'>non</span> <span class='ocrx_word' id='word_1_269' title='bbox 306 2005 352 2030; x_wconf 88' lang='lat' dir='ltr'>ex</span> <span class='ocrx_word' id='word_1_270' title='bbox 385 1992 604 2031; x_wconf 83' lang='lat' dir='ltr'>concubina</span> <span class='ocrx_word' id='word_1_271' title='bbox 636 1998 801 2039; x_wconf 88' lang='lat' dir='ltr'>tantum,</span> <span class='ocrx_word' id='word_1_272' title='bbox 837 1993 917 2036; x_wconf 87' lang='lat' dir='ltr'>sed,</span> <span class='ocrx_word' id='word_1_273' title='bbox 949 1991 1153 2042; x_wconf 84' lang='lat' dir='ltr'>superstite</span> <span class='ocrx_word' id='word_1_274' title='bbox 1182 1990 1296 2028; x_wconf 88' lang='lat' dir='ltr'>etiam</span> <span class='ocrx_word' id='word_1_275' title='bbox 1327 2003 1445 2027; x_wconf 78' lang='lat' dir='ltr'>uxore</span> <span class='ocrx_word' id='word_1_276' title='bbox 1466 1990 1651 2040; x_wconf 86' lang='lat' dir='ltr'>legitima,</span> 
     </span>
     <span class='ocr_line' id='line_1_32' title="bbox 186 2050 1651 2101; baseline -0.001 -13"><span class='ocrx_word' id='word_1_277' title='bbox 186 2051 358 2100; x_wconf 80' lang='lat' dir='ltr'>furtivis</span> <span class='ocrx_word' id='word_1_278' title='bbox 387 2052 593 2097; x_wconf 81' lang='lat' dir='ltr'>amoribus,</span> <span class='ocrx_word' id='word_1_279' title='bbox 621 2065 691 2101; x_wconf 88' lang='lat' dir='ltr'>per</span> <span class='ocrx_word' id='word_1_280' title='bbox 718 2051 955 2090; x_wconf 79' lang='lat' dir='ltr'>adulterium</span> <span class='ocrx_word' id='word_1_281' title='bbox 975 2051 1048 2089; x_wconf 89' lang='lat' dir='ltr'>sibi</span> <span class='ocrx_word' id='word_1_282' title='bbox 1077 2051 1351 2101; x_wconf 62' lang='lat' dir='ltr'>quaesivisset?</span> <span class='ocrx_word' id='word_1_283' title='bbox 1382 2050 1526 2088; x_wconf 92' lang='lat' dir='ltr'>nullum</span> <span class='ocrx_word' id='word_1_284' title='bbox 1543 2051 1651 2100; x_wconf 84' lang='lat' dir='ltr'>judi-</span> 
     </span>
     <span class='ocr_line' id='line_1_33' title="bbox 199 2112 1649 2163; baseline 0 -13"><span class='ocrx_word' id='word_1_285' title='bbox 199 2126 280 2150; x_wconf 89' lang='lat' dir='ltr'>cem</span> <span class='ocrx_word' id='word_1_286' title='bbox 302 2113 471 2163; x_wconf 84' lang='lat' dir='ltr'>repcriri,</span> <span class='ocrx_word' id='word_1_287' title='bbox 502 2113 569 2162; x_wconf 89' lang='lat' dir='ltr'>qui</span> <span class='ocrx_word' id='word_1_288' title='bbox 590 2112 769 2151; x_wconf 88' lang='lat' dir='ltr'>vindiciis</span> <span class='ocrx_word' id='word_1_289' title='bbox 790 2120 866 2152; x_wconf 87' lang='lat' dir='ltr'>tam</span> <span class='ocrx_word' id='word_1_290' title='bbox 900 2113 1039 2163; x_wconf 87' lang='lat' dir='ltr'>iniquis</span> <span class='ocrx_word' id='word_1_291' title='bbox 1061 2120 1138 2150; x_wconf 85' lang='lat' dir='ltr'>tam</span> <span class='ocrx_word' id='word_1_292' title='bbox 1171 2112 1356 2150; x_wconf 87' lang='lat' dir='ltr'>inauditis</span> <span class='ocrx_word' id='word_1_293' title='bbox 1375 2113 1649 2150; x_wconf 86' lang='lat' dir='ltr'>auctoritatem</span> 
     </span>
     <span class='ocr_line' id='line_1_34' title="bbox 199 2172 1650 2224; baseline 0 -13"><span class='ocrx_word' id='word_1_294' title='bbox 199 2180 384 2224; x_wconf 66' lang='lat' dir='ltr'>praestare</span> <span class='ocrx_word' id='word_1_295' title='bbox 405 2188 512 2212; x_wconf 85' lang='lat' dir='ltr'>suam</span> <span class='ocrx_word' id='word_1_296' title='bbox 528 2174 652 2213; x_wconf 63' lang='lat' dir='ltr'>velit?</span> <span class='ocrx_word' id='word_1_297' title='bbox 681 2187 761 2212; x_wconf 88' lang='lat' dir='ltr'>rem</span> <span class='ocrx_word' id='word_1_298' title='bbox 783 2175 952 2224; x_wconf 88' lang='lat' dir='ltr'>denique</span> <span class='ocrx_word' id='word_1_299' title='bbox 973 2187 1057 2212; x_wconf 90' lang='lat' dir='ltr'>esse</span> <span class='ocrx_word' id='word_1_300' title='bbox 1073 2175 1110 2211; x_wconf 88' lang='lat' dir='ltr'>in</span> <span class='ocrx_word' id='word_1_301' title='bbox 1131 2174 1297 2211; x_wconf 86' lang='lat' dir='ltr'>Civitate</span> <span class='ocrx_word' id='word_1_302' title='bbox 1320 2172 1548 2211; x_wconf 91' lang='lat' dir='ltr'>Atheniensi</span> <span class='ocrx_word' id='word_1_303' title='bbox 1567 2173 1650 2211; x_wconf 88' lang='lat' dir='ltr'>sine</span> 
     </span>
     <span class='ocr_line' id='line_1_35' title="bbox 197 2235 1649 2287; baseline -0.001 -12"><span class='ocrx_word' id='word_1_304' title='bbox 197 2238 296 2287; x_wconf 89' lang='lat' dir='ltr'>lege,</span> <span class='ocrx_word' id='word_1_305' title='bbox 314 2236 392 2273; x_wconf 91' lang='lat' dir='ltr'>sine</span> <span class='ocrx_word' id='word_1_306' title='bbox 410 2236 600 2286; x_wconf 81' lang='lat' dir='ltr'>exemplo,</span> <span class='ocrx_word' id='word_1_307' title='bbox 621 2236 745 2283; x_wconf 87' lang='lat' dir='ltr'>binas,</span> <span class='ocrx_word' id='word_1_308' title='bbox 765 2249 852 2286; x_wconf 83' lang='lat' dir='ltr'>quae</span> <span class='ocrx_word' id='word_1_309' title='bbox 874 2236 1044 2286; x_wconf 85' lang='lat' dir='ltr'>cuipiam</span> <span class='ocrx_word' id='word_1_310' title='bbox 1066 2236 1140 2274; x_wconf 86' lang='lat' dir='ltr'>civi</span> <span class='ocrx_word' id='word_1_311' title='bbox 1162 2235 1296 2273; x_wconf 87' lang='lat' dir='ltr'>Attico</span> <span class='ocrx_word' id='word_1_312' title='bbox 1317 2235 1453 2272; x_wconf 86' lang='lat' dir='ltr'>eodem</span> <span class='ocrx_word' id='word_1_313' title='bbox 1475 2240 1649 2286; x_wconf 86' lang='lat' dir='ltr'>tempore</span> 
     </span>
     <span class='ocr_line' id='line_1_36' title="bbox 197 2295 1651 2348; baseline -0.001 -13"><span class='ocrx_word' id='word_1_314' title='bbox 197 2298 352 2342; x_wconf 84' lang='lat' dir='ltr'>suerint,</span> <span class='ocrx_word' id='word_1_315' title='bbox 369 2297 523 2346; x_wconf 82' lang='lat' dir='ltr'>jactare</span> <span class='ocrx_word' id='word_1_316' title='bbox 554 2298 723 2348; x_wconf 89' lang='lat' dir='ltr'>nuptias,</span> <span class='ocrx_word' id='word_1_317' title='bbox 743 2304 782 2335; x_wconf 89' lang='lat' dir='ltr'>et</span> <span class='ocrx_word' id='word_1_318' title='bbox 801 2311 847 2334; x_wconf 85' lang='lat' dir='ltr'>ex</span> <span class='ocrx_word' id='word_1_319' title='bbox 869 2303 1048 2347; x_wconf 89' lang='lat' dir='ltr'>utroque,</span> <span class='ocrx_word' id='word_1_320' title='bbox 1070 2296 1174 2347; x_wconf 89' lang='lat' dir='ltr'>quod</span> <span class='ocrx_word' id='word_1_321' title='bbox 1197 2296 1308 2333; x_wconf 91' lang='lat' dir='ltr'>simul</span> <span class='ocrx_word' id='word_1_322' title='bbox 1340 2295 1551 2341; x_wconf 85' lang='lat' dir='ltr'>duraverit,</span> <span class='ocrx_word' id='word_1_323' title='bbox 1575 2310 1651 2334; x_wconf 87' lang='lat' dir='ltr'>ma-</span> 
     </span>
     <span class='ocr_line' id='line_1_37' title="bbox 197 2358 1649 2410; baseline 0 -13"><span class='ocrx_word' id='word_1_324' title='bbox 197 2359 376 2397; x_wconf 89' lang='lat' dir='ltr'>trimonio</span> <span class='ocrx_word' id='word_1_325' title='bbox 397 2365 615 2409; x_wconf 86' lang='lat' dir='ltr'>susceptam</span> <span class='ocrx_word' id='word_1_326' title='bbox 633 2360 782 2410; x_wconf 88' lang='lat' dir='ltr'>prolem</span> <span class='ocrx_word' id='word_1_327' title='bbox 798 2359 840 2398; x_wconf 68' lang='lat'>‘3”</span> <span class='ocrx_word' id='word_1_328' title='bbox 870 2358 1051 2402; x_wconf 89' lang='lat' dir='ltr'>Minime;</span> <span class='ocrx_word' id='word_1_329' title='bbox 1082 2359 1163 2406; x_wconf 87' lang='lat' dir='ltr'>sed,</span> <span class='ocrx_word' id='word_1_330' title='bbox 1184 2358 1346 2410; x_wconf 88' lang='lat' dir='ltr'>perinde</span> <span class='ocrx_word' id='word_1_331' title='bbox 1362 2371 1406 2395; x_wconf 90' lang='lat' dir='ltr'>ac</span> <span class='ocrx_word' id='word_1_332' title='bbox 1426 2358 1457 2395; x_wconf 90' lang='lat' dir='ltr'>si</span> <span class='ocrx_word' id='word_1_333' title='bbox 1479 2358 1571 2395; x_wconf 88' lang='lat' dir='ltr'>nihil</span> <span class='ocrx_word' id='word_1_334' title='bbox 1594 2359 1649 2397; x_wconf 86' lang='lat' dir='ltr'>sic</span> 
     </span>
     <span class='ocr_line' id='line_1_38' title="bbox 196 2418 1647 2469; baseline -0.001 -12"><span class='ocrx_word' id='word_1_335' title='bbox 196 2420 299 2465; x_wconf 86' lang='lat' dir='ltr'>novi,</span> <span class='ocrx_word' id='word_1_336' title='bbox 320 2419 413 2457; x_wconf 84' lang='lat' dir='ltr'>nihil</span> <span class='ocrx_word' id='word_1_337' title='bbox 438 2419 647 2457; x_wconf 87' lang='lat' dir='ltr'>accidisset</span> <span class='ocrx_word' id='word_1_338' title='bbox 674 2427 817 2469; x_wconf 88' lang='lat' dir='ltr'>praetcr</span> <span class='ocrx_word' id='word_1_339' title='bbox 845 2419 1182 2465; x_wconf 86' lang='lat' dir='ltr'>consuetudinem,</span> <span class='ocrx_word' id='word_1_340' title='bbox 1205 2418 1382 2456; x_wconf 90' lang='lat' dir='ltr'>vindiciis</span> <span class='ocrx_word' id='word_1_341' title='bbox 1403 2418 1516 2455; x_wconf 87' lang='lat' dir='ltr'>aliam</span> <span class='ocrx_word' id='word_1_342' title='bbox 1537 2431 1647 2469; x_wconf 88' lang='lat' dir='ltr'>pror-</span> 
     </span>
     <span class='ocr_line' id='line_1_39' title="bbox 195 2479 1649 2530; baseline -0.001 -12"><span class='ocrx_word' id='word_1_343' title='bbox 195 2494 259 2518; x_wconf 88' lang='lat' dir='ltr'>sus</span> <span class='ocrx_word' id='word_1_344' title='bbox 280 2486 318 2518; x_wconf 87' lang='lat' dir='ltr'>et</span> <span class='ocrx_word' id='word_1_345' title='bbox 334 2481 526 2518; x_wconf 89' lang='lat' dir='ltr'>diversam</span> <span class='ocrx_word' id='word_1_346' title='bbox 543 2480 705 2530; x_wconf 89' lang='lat' dir='ltr'>opponit</span> <span class='ocrx_word' id='word_1_347' title='bbox 721 2480 988 2530; x_wconf 88' lang='lat' dir='ltr'>exceptionem</span> <span class='ocrx_word' id='word_1_348' title='bbox 1006 2493 1015 2518; x_wconf 74' lang='grc' dir='ltr'><strong><em>ε</em></strong></span> <span class='ocrx_word' id='word_1_349' title='bbox 1037 2483 1062 2500; x_wconf 90' lang='grc'>“</span> <span class='ocrx_word' id='word_1_350' title='bbox 1080 2479 1264 2524; x_wconf 87' lang='lat' dir='ltr'>nullam‚&#39;&#39;</span> <span class='ocrx_word' id='word_1_351' title='bbox 1279 2492 1430 2529; x_wconf 88' lang='lat' dir='ltr'>nempe,</span> <span class='ocrx_word' id='word_1_352' title='bbox 1448 2484 1473 2500; x_wconf 90' lang='lat'><strong>“</strong></span> <span class='ocrx_word' id='word_1_353' title='bbox 1485 2479 1649 2517; x_wconf 78' lang='lat' dir='ltr'>alterius</span> 
     </span>
     <span class='ocr_line' id='line_1_40' title="bbox 197 2540 1647 2592; baseline -0.002 -11"><span class='ocrx_word' id='word_1_354' title='bbox 197 2543 307 2581; x_wconf 88' lang='lat' dir='ltr'>istius</span> <span class='ocrx_word' id='word_1_355' title='bbox 333 2542 516 2592; x_wconf 80' lang='lat' dir='ltr'>conjugis</span> <span class='ocrx_word' id='word_1_356' title='bbox 546 2541 766 2579; x_wconf 89' lang='lat' dir='ltr'>memoriam</span> <span class='ocrx_word' id='word_1_357' title='bbox 790 2547 964 2579; x_wconf 88' lang='lat' dir='ltr'>exstare:</span> <span class='ocrx_word' id='word_1_358' title='bbox 999 2540 1236 2591; x_wconf 86' lang='lat' dir='ltr'>incognitam</span> <span class='ocrx_word' id='word_1_359' title='bbox 1265 2540 1382 2578; x_wconf 85' lang='lat' dir='ltr'>fuisse</span> <span class='ocrx_word' id='word_1_360' title='bbox 1418 2542 1647 2591; x_wconf 81' lang='lat' dir='ltr'>consangui—</span> 
     </span>
     <span class='ocr_line' id='line_1_41' title="bbox 198 2600 1648 2651; baseline -0.003 -9"><span class='ocrx_word' id='word_1_361' title='bbox 198 2604 294 2649; x_wconf 84' lang='lat' dir='ltr'>neis,</span> <span class='ocrx_word' id='word_1_362' title='bbox 334 2601 527 2650; x_wconf 86' lang='lat' dir='ltr'>affinibus,</span> <span class='ocrx_word' id='word_1_363' title='bbox 558 2601 796 2648; x_wconf 86' lang='lat' dir='ltr'>domesticis,</span> <span class='ocrx_word' id='word_1_364' title='bbox 836 2601 976 2645; x_wconf 80' lang='lat' dir='ltr'>servis3</span> <span class='ocrx_word' id='word_1_365' title='bbox 1015 2601 1160 2639; x_wconf 89' lang='lat' dir='ltr'>nullum</span> <span class='ocrx_word' id='word_1_366' title='bbox 1194 2607 1330 2639; x_wconf 89' lang='lat' dir='ltr'>testem</span> <span class='ocrx_word' id='word_1_367' title='bbox 1359 2600 1541 2651; x_wconf 89' lang='lat' dir='ltr'>produci,</span> <span class='ocrx_word' id='word_1_368' title='bbox 1582 2602 1648 2651; x_wconf 90' lang='lat' dir='ltr'>qui</span> 
     </span>
     <span class='ocr_line' id='line_1_42' title="bbox 198 2662 1647 2713; baseline -0.003 -10"><span class='ocrx_word' id='word_1_369' title='bbox 198 2665 300 2703; x_wconf 90' lang='lat' dir='ltr'>illam</span> <span class='ocrx_word' id='word_1_370' title='bbox 321 2663 462 2702; x_wconf 88' lang='lat' dir='ltr'>viderit</span> <span class='ocrx_word' id='word_1_371' title='bbox 479 2676 648 2713; x_wconf 90' lang='lat' dir='ltr'>unquam</span> <span class='ocrx_word' id='word_1_372' title='bbox 669 2664 808 2701; x_wconf 90' lang='lat' dir='ltr'>domus</span> <span class='ocrx_word' id='word_1_373' title='bbox 829 2669 868 2700; x_wconf 90' lang='lat' dir='ltr'>et</span> <span class='ocrx_word' id='word_1_374' title='bbox 887 2663 963 2700; x_wconf 89' lang='lat' dir='ltr'>tori</span> <span class='ocrx_word' id='word_1_375' title='bbox 993 2663 1224 2700; x_wconf 86' lang='lat' dir='ltr'>Euctemoni</span> <span class='ocrx_word' id='word_1_376' title='bbox 1243 2662 1385 2700; x_wconf 89' lang='lat' dir='ltr'>sociam</span> <span class='ocrx_word' id='word_1_377' title='bbox 1424 2663 1480 2711; x_wconf 90' lang='lat' dir='ltr'>(p.</span> <span class='ocrx_word' id='word_1_378' title='bbox 1499 2666 1563 2703; x_wconf 80' lang='lat'>57.</span> <span class='ocrx_word' id='word_1_379' title='bbox 1583 2667 1647 2700; x_wconf 86' lang='lat'>40.</span> 
     </span>
     <span class='ocr_line' id='line_1_43' title="bbox 200 2722 1650 2775; baseline -0.003 -12"><span class='ocrx_word' id='word_1_380' title='bbox 200 2726 263 2764; x_wconf 89' lang='lat' dir='ltr'>ed.</span> <span class='ocrx_word' id='word_1_381' title='bbox 286 2725 462 2775; x_wconf 85' lang='lat' dir='ltr'>Steph.);</span> <span class='ocrx_word' id='word_1_382' title='bbox 493 2723 692 2775; x_wconf 89' lang='lat' dir='ltr'>deinceps,</span> <span class='ocrx_word' id='word_1_383' title='bbox 727 2736 799 2761; x_wconf 91' lang='lat' dir='ltr'>nec</span> <span class='ocrx_word' id='word_1_384' title='bbox 833 2723 870 2760; x_wconf 93' lang='lat' dir='ltr'>in</span> <span class='ocrx_word' id='word_1_385' title='bbox 899 2723 1072 2773; x_wconf 84' lang='lat' dir='ltr'>phratria</span> <span class='ocrx_word' id='word_1_386' title='bbox 1106 2735 1176 2760; x_wconf 88' lang='lat' dir='ltr'>nec</span> <span class='ocrx_word' id='word_1_387' title='bbox 1201 2722 1240 2760; x_wconf 88' lang='lat' dir='ltr'>iu</span> <span class='ocrx_word' id='word_1_388' title='bbox 1265 2722 1379 2759; x_wconf 85' lang='lat' dir='ltr'>demo</span> <span class='ocrx_word' id='word_1_389' title='bbox 1410 2722 1650 2759; x_wconf 87' lang='lat' dir='ltr'>Euctemona</span> 
     </span>
     <span class='ocr_line' id='line_1_44' title="bbox 201 2781 1649 2835; baseline -0.002 -13"><span class='ocrx_word' id='word_1_390' title='bbox 201 2797 285 2822; x_wconf 87' lang='lat' dir='ltr'>cam</span> <span class='ocrx_word' id='word_1_391' title='bbox 320 2797 391 2834; x_wconf 87' lang='lat' dir='ltr'>pro</span> <span class='ocrx_word' id='word_1_392' title='bbox 422 2796 541 2822; x_wconf 82' lang='lat' dir='ltr'>uxore</span> <span class='ocrx_word' id='word_1_393' title='bbox 577 2783 697 2822; x_wconf 87' lang='lat' dir='ltr'>fuisse</span> <span class='ocrx_word' id='word_1_394' title='bbox 727 2783 972 2835; x_wconf 82' lang='lat' dir='ltr'>prosessum;</span> <span class='ocrx_word' id='word_1_395' title='bbox 1016 2796 1215 2834; x_wconf 87' lang='lat' dir='ltr'>nunquam</span> <span class='ocrx_word' id='word_1_396' title='bbox 1251 2781 1483 2820; x_wconf 81' lang='lat' dir='ltr'>sacrificium</span> <span class='ocrx_word' id='word_1_397' title='bbox 1505 2795 1575 2832; x_wconf 90' lang='lat' dir='ltr'>pro</span> <span class='ocrx_word' id='word_1_398' title='bbox 1604 2795 1649 2819; x_wconf 87' lang='lat' dir='ltr'>ea</span> 
     </span>
     <span class='ocr_line' id='line_1_45' title="bbox 200 2842 1648 2894; baseline -0.004 -11"><span class='ocrx_word' id='word_1_399' title='bbox 200 2846 352 2891; x_wconf 85' lang='lat' dir='ltr'>fecisse,</span> <span class='ocrx_word' id='word_1_400' title='bbox 367 2844 556 2893; x_wconf 88' lang='lat' dir='ltr'>neojusta</span> <span class='ocrx_word' id='word_1_401' title='bbox 572 2845 743 2891; x_wconf 86' lang='lat' dir='ltr'>solvisse,</span> <span class='ocrx_word' id='word_1_402' title='bbox 760 2858 831 2883; x_wconf 92' lang='lat' dir='ltr'>nec</span> <span class='ocrx_word' id='word_1_403' title='bbox 848 2845 1066 2883; x_wconf 88' lang='lat' dir='ltr'>celebrasse</span> <span class='ocrx_word' id='word_1_404' title='bbox 1083 2844 1310 2894; x_wconf 77' lang='lat' dir='ltr'>exsequias:</span> <span class='ocrx_word' id='word_1_405' title='bbox 1334 2855 1405 2880; x_wconf 88' lang='lat' dir='ltr'>nec</span> <span class='ocrx_word' id='word_1_406' title='bbox 1425 2842 1522 2879; x_wconf 84' lang='lat' dir='ltr'>filios</span> <span class='ocrx_word' id='word_1_407' title='bbox 1543 2842 1648 2887; x_wconf 87' lang='lat' dir='ltr'>item,</span> 
     </span>
    </p>
   </div>
   <div class='ocr_carea' id='block_1_4' title="bbox 204 2905 1648 2957">
    <p class='ocr_par' dir='ltr' id='par_1_5' title="bbox 204 2905 1648 2957">
     <span class='ocr_line' id='line_1_46' title="bbox 204 2905 1648 2957; baseline -0.001 -14"><span class='ocrx_word' id='word_1_408' title='bbox 204 2906 269 2956; x_wconf 89' lang='lat' dir='ltr'>qui</span> <span class='ocrx_word' id='word_1_409' title='bbox 290 2919 335 2943; x_wconf 86' lang='lat' dir='ltr'>ex</span> <span class='ocrx_word' id='word_1_410' title='bbox 362 2905 426 2944; x_wconf 88' lang='lat' dir='ltr'>illa</span> <span class='ocrx_word' id='word_1_411' title='bbox 445 2907 561 2957; x_wconf 84' lang='lat' dir='ltr'>geniti</span> <span class='ocrx_word' id='word_1_412' title='bbox 586 2907 668 2956; x_wconf 88' lang='lat' dir='ltr'>jam</span> <span class='ocrx_word' id='word_1_413' title='bbox 698 2907 934 2954; x_wconf 75' lang='lat' dir='ltr'>ferebantur,</span> <span class='ocrx_word' id='word_1_414' title='bbox 965 2907 1033 2946; x_wconf 81' lang='lat' dir='ltr'>sed</span> <span class='ocrx_word' id='word_1_415' title='bbox 1056 2920 1142 2945; x_wconf 81' lang='lat' dir='ltr'>vere</span> <span class='ocrx_word' id='word_1_416' title='bbox 1166 2912 1274 2945; x_wconf 84' lang='lat' dir='ltr'>erant</span> <span class='ocrx_word' id='word_1_417' title='bbox 1304 2920 1349 2944; x_wconf 85' lang='lat' dir='ltr'>ex</span> <span class='ocrx_word' id='word_1_418' title='bbox 1369 2905 1512 2944; x_wconf 84' lang='lat' dir='ltr'>furtivo</span> <span class='ocrx_word' id='word_1_419' title='bbox 1534 2905 1648 2943; x_wconf 83' lang='lat' dir='ltr'>Alces</span> 
     </span>
    </p>
   </div>
  </div>
 </body>
</html>
