1981 3255
684 195 764 234 AD
799 193 1143 234 LYCURGUM.
1532 196 1609 236 361

188 299 353 337 fortunas
381 312 466 337 suas
493 311 567 336 non
593 299 630 336 in
652 299 803 336 AEdium
832 299 1155 349 Templorumque
1185 301 1447 347 sanctimonia,
1467 302 1533 339 uhi
1551 314 1610 338 res

186 361 468 410 pretiosissimae
496 360 636 410 deponi
656 366 693 397 et
713 361 930 398 conservari
959 360 1145 404 solebant,
1171 361 1235 397 sed
1259 361 1294 397 in
1316 362 1424 399 unius
1446 362 1610 413 Lycurgi

184 420 261 459 fide
281 428 320 459 et
339 422 520 470 religione
541 427 642 458 tutas
662 435 743 458 esse
763 422 1053 466 arbitrarentur,
1071 428 1109 457 et
1134 421 1222 458 huic
1243 421 1306 458 uni
1333 423 1477 470 argenti
1497 422 1610 460 ratio-

183 495 268 518 nem
282 481 328 519 ad
343 481 501 519 Talenta
516 482 628 519 CCL.
648 483 945 520 concrederent:
977 496 1062 520 cum
1079 490 1200 525 erant,
1215 488 1253 519 ut
1270 482 1470 520 Ciceronis
1487 484 1611 520 verbis

183 547 280 587 utar,
315 542 626 593 “quinquaginta
657 543 815 580 Talenta
854 544 1029 593 pecunia,
1063 543 1294 592 temporibus
1331 542 1416 588 illis,
1451 544 1610 581 Athenis

181 604 406 651 praesertim‚
430 603 640 641 maxima.''⁷
695 604 748 641 Ut
767 618 841 642 uno
858 606 974 642 verbo
997 605 1244 654 complectar,
1262 609 1366 640 tanta
1382 603 1451 641 fuit
1465 616 1609 640 morum

180 664 360 701 sanctitas
379 671 416 701 et
435 665 655 709 reverentia,
676 673 716 702 ut
736 665 817 714 ejus
836 666 1007 715 probitas
1028 672 1127 703 esset
1143 665 1335 714 quoddam
1358 665 1466 714 quasi
1486 665 1612 714 publi-

179 735 265 761 cum
299 725 447 762 virtutis
479 726 765 772 documentum,
793 733 907 777 atque
937 727 987 763 ibi
1022 727 1208 776 respicere
1229 733 1265 763 et
1289 725 1502 775 exemplum
1521 725 1609 763 inde

178 785 250 823 sibi
270 799 415 824 sumere
434 787 536 825 cives
556 788 611 824 sui
630 789 956 826 adinonerentur.⁸

232 848 366 885 Genus
391 861 505 897 porro
525 848 611 886 vitae
641 849 808 886 excoluit
839 850 1013 887 omuibus
1046 849 1195 888 civibus
1228 849 1370 899 potius,
1393 861 1506 898 quam
1537 848 1609 885 sibi

177 907 265 957 ipsi,
284 909 388 946 utile.
444 909 504 948 Ita
530 910 628 947 enim
654 910 827 948 Civitatis
846 911 1056 949 commodis
1078 910 1280 956 serviebat,
1301 918 1356 956 ut,
1373 923 1460 947 cum
1481 910 1608 960 operis

176 969 343 1018 publicis
361 983 437 1009 non
459 971 577 1009 solum
600 985 777 1022 praeesse,
798 985 925 1011 verum
946 973 1058 1010 etiam
1074 973 1155 1023 ipse
1185 980 1374 1024 perpetuo
1394 973 1525 1009 adesse
1546 986 1607 1009 so-

176 1029 284 1075 leret,
306 1031 486 1077 laborem,
506 1032 624 1070 solem
651 1040 690 1070 et
714 1034 882 1083 pruinas,
905 1034 1001 1071 ultra
1022 1047 1134 1084 quam
1163 1034 1239 1071 dici
1257 1040 1397 1083 potest,
1418 1033 1608 1079 toleraret,

176 1097 211 1127 et
234 1093 291 1128 vel
311 1092 480 1130 infimum
500 1106 691 1143 quemque
712 1094 832 1132 civem
852 1101 960 1144 tauto
988 1101 1188 1144 praestaret
1207 1094 1402 1144 patientia,
1423 1101 1607 1143 quantum

175 1153 419 1190 antecederet
440 1154 524 1190 loco
541 1160 579 1191 et
599 1155 794 1204 dignitate.
836 1155 959 1202 Idem,
979 1169 1063 1193 cum
1078 1155 1134 1192 vel
1151 1162 1310 1205 propter
1325 1154 1607 1204 patrimonium,

125 1254 127 1257 ¹
174 1213 278 1262 quod
298 1226 320 1250 a
340 1213 548 1262 majoribus
577 1223 796 1265 acceperat,
817 1216 876 1252 vel
906 1223 1062 1266 propter
1080 1215 1302 1265 frequenter
1330 1216 1475 1253 delatas
1496 1221 1606 1266 pote-

167 1281 303 1321 states,
320 1288 406 1324 quae
424 1276 458 1313 ei
476 1289 497 1312 a
516 1276 660 1326 populo
680 1277 882 1322 dabantur,
902 1277 1111 1314 ditissimus
1131 1291 1212 1314 esse
1233 1277 1372 1327 potuit,
1393 1285 1431 1314 et
1457 1290 1495 1314 re
1521 1277 1606 1326 qui-

172 1335 259 1383 dem
278 1335 359 1385 ipsa
377 1335 504 1382 fuerit,
519 1337 746 1385 quotidiano
759 1346 885 1375 autem
903 1339 1011 1375 cultu
1032 1346 1071 1376 et
1090 1339 1193 1375 victu
1212 1338 1303 1375 nihil
1324 1352 1345 1375 a
1364 1339 1606 1388 pauperrimo

171 1396 313 1434 distare
338 1398 498 1443 solebat,
521 1398 654 1436 eadem
674 1406 779 1436 veste
808 1406 844 1436 et
874 1406 1007 1437 aestate
1037 1407 1074 1437 et
1095 1399 1236 1450 frigore
1259 1401 1546 1449 contegebatur,
1569 1407 1607 1438 et

172 1463 314 1495 tantam
339 1458 411 1495 sibi
429 1472 474 1496 ex
495 1460 637 1508 privata
660 1460 736 1498 vita
756 1460 1000 1498 continentia:
1017 1462 1216 1511 quaerebat
1236 1461 1401 1507 laudem,
1422 1467 1604 1511 quantam

171 1532 218 1556 ex
238 1519 392 1568 publica
411 1520 559 1558 virtutis
579 1528 616 1557 et
636 1521 876 1571 integritatis.

225 1581 295 1617 His
318 1581 461 1618 artibus
481 1581 662 1618 effectum
684 1589 754 1628 est,
768 1589 807 1620 ut
823 1583 1008 1620 inanimis
1028 1583 1163 1621 civium
1181 1584 1374 1634 imperium
1394 1584 1500 1633 quasi
1522 1597 1606 1634 per-

170 1649 329 1691 petuum
350 1641 551 1686 obtineret,
574 1655 647 1679 non
678 1655 860 1692 purpura,
880 1651 943 1680 aut
973 1644 1156 1687 excubiis,
1177 1657 1297 1694 eoque
1327 1657 1462 1693 genere
1485 1643 1622 1692 majen-

170 1703 290 1739 statis·
316 1702 549 1747 distinctum,
588 1703 655 1739 sed
692 1703 886 1747 eximium,
915 1705 1092 1753 quoniam
1133 1705 1267 1752 gratia,
1296 1712 1334 1741 et
1361 1705 1600 1750 diuturnum,

167 1763 341 1813 quoniam
356 1776 505 1800 suorum
521 1762 712 1800 voluntate
726 1771 887 1812 partum.
931 1764 1181 1801 Athenienses
1195 1765 1292 1800 enim
1304 1765 1599 1804 dominationem

168 1824 203 1860 vi
224 1831 262 1861 et
289 1824 514 1862 necessitate
547 1831 718 1861 coactam
754 1833 940 1874 perpetuo
971 1825 1087 1871 exosi,
1109 1818 1371 1875 saepenum‘ero
1401 1834 1526 1865 tamen
1555 1828 1600 1866 iis

168 1885 268 1923 ultro
289 1899 326 1923 se
354 1886 559 1931 tradidere,
578 1898 738 1935 quorum
763 1887 1060 1936 perspexissent,
1081 1886 1196 1923 veluti
1219 1887 1355 1936 pignus
1376 1888 1411 1924 in
1433 1889 1600 1939 Rempu-

168 1946 306 1984 blicam
339 1946 443 1991 fidei,
469 1946 787 1982 existimationem
816 1961 861 1983 ex
888 1947 1120 1984 continentia
1153 1953 1191 1983 et
1221 1948 1356 1984 virtute
1387 1950 1599 1998 quaesitam.

169 2007 299 2056 Major
318 2008 446 2056 itaque
466 2007 501 2042 in
523 2020 597 2043 uno
626 2007 698 2043 hoc
720 2007 869 2044 homine
890 2009 1034 2045 exstitit
1054 2008 1209 2045 libertas
1230 2008 1398 2054 dicendi,
1420 2010 1599 2058 quoniam

168 2067 290 2116 major
317 2075 411 2111 erat,
431 2067 511 2104 sive
531 2067 662 2116 gratia,
684 2067 763 2104 sive
797 2069 897 2117 apud
927 2070 1111 2119 populum
1143 2070 1364 2107 auctoritas.
1422 2071 1466 2109 Id
1495 2071 1599 2121 quod

168 2130 301 2180 paucis
322 2128 503 2179 exemplis
522 2128 588 2165 fiet
605 2128 800 2167 illustrius.

223 2191 316 2228 Erat
347 2190 391 2227 iis
422 2190 654 2240 temporibus
683 2191 912 2239 gravissimis
943 2191 1113 2240 moribus
1134 2199 1169 2229 et
1189 2193 1350 2230 maxima
1376 2193 1598 2231 celebritate

170 2252 405 2290 Xenocrates
425 2251 692 2302 philosophus⁹
714 2252 962 2291 Chalcedone
981 2254 1178 2301 oriundus,
1193 2254 1258 2304 qui
1277 2255 1437 2293 Athenis
1455 2269 1600 2293 summa

209 2337 223 2357 ⁷
238 2338 303 2368 Cic.
317 2337 442 2367 Tuscul.
455 2338 493 2367 V.
509 2340 562 2368 3¹2.

212 2380 224 2399 ⁸
240 2381 459 2411 Demosthenes
473 2379 503 2409 in
515 2380 661 2415 oratione,
673 2377 760 2420 qu'arn
777 2381 866 2411 hodie

170 2433 228 2453 non
245 2429 366 2453 exstare
383 2423 527 2452 arbitror:
552 2428 570 2440 ¹*
586 2424 683 2462 Atque
699 2434 755 2462 ego
772 2424 866 2459 illum,

169 2466 308 2503 Judices,
330 2466 457 2496 arbitror
486 2467 656 2504 Lycurgum
680 2467 866 2496 laudatorem

169 2509 397 2548 producturum,
414 2508 532 2538 scilicet
555 2508 606 2546 qui
631 2508 669 2537 sit
692 2510 779 2538 testis
803 2511 867 2547 ejus

169 2551 278 2590 pudori
291 2562 327 2581 ao
343 2551 497 2590 probitati.
540 2551 602 2580 Sed
618 2560 673 2589 ego
693 2553 866 2590 Lycurgum

171 2592 258 2623 vohis
270 2593 470 2633 praesentihus
482 2594 539 2622 hoc
557 2603 644 2623 unum
662 2593 866 2632 interrogabo,

171 2635 282 2665 velitne
298 2636 424 2666 similem
441 2646 506 2665 esse
521 2635 601 2665 illius
619 2636 707 2666 factis
725 2644 755 2666 et
776 2638 867 2666 mori-

172 2677 246 2706 bus.
240 2677 250 2696 ²
286 2679 374 2717 Quod
393 2679 419 2708 si
435 2678 559 2717 negarit,
577 2679 763 2709 satisfactum
782 2679 867 2709 vobis

174 2729 241 2748 esse
256 2720 293 2749 de
308 2721 436 2750 veritate
452 2725 554 2751 nostra
570 2722 703 2751 debebit.
706 2721 724 2735 '’
769 2722 867 2752 Rutil.

173 2761 289 2810 Lupus.
312 2762 362 2803 (p.
387 2766 438 2793 10.
464 2764 511 2793 ed.
543 2763 682 2804 Ruhnk).
732 2764 866 2813 [Addam

173 2803 320 2841 insignem
343 2805 381 2834 de
401 2807 541 2845 Lycurgo
563 2805 662 2836 locum
678 2817 716 2836 ex
733 2808 867 2837 oratione

175 2845 359 2884 Hyperidis,
369 2858 458 2885 quem
474 2848 620 2878 indicavit
636 2850 798 2880 Ruhnken.
808 2850 829 2878 1.
839 2861 866 2879 c.

174 2897 214 2916 ex
231 2888 354 2926 Apsinis
371 2893 441 2918 Arte
456 2890 581 2920 Rhetor.
591 2902 622 2930 p.
631 2895 703 2922 708.
728 2892 868 2933 Κεχρηται

174 2929 266 2969 τούτῳ
281 2941 325 2959 και
339 2930 493 2971 Ὑπεςίδηις,
514 2932 582 2973 ὑπὲξ
601 2934 750 2974 Λυκούργου
770 2934 867 2972 λέγων.

173 2976 193 2990 ·’
206 2973 273 3002 Τίνα,
285 2973 416 3012 φήσουσιν
426 2974 448 3003 οῖ
460 2974 606 3014 περιϊόντες
613 2977 698 3007 αὐτοῦ
707 2976 751 3007 τὸν
759 2977 867 3016 τάφως

901 2336 989 2373 owe,-
1003 2338 1069 2372 ἐβίω
1083 2339 1137 2378 μὲν
1153 2339 1301 2379 σωφρόνως,
1315 2339 1443 2391 ταχθεὶς
1457 2339 1480 2369 δ’
1494 2339 1549 2370 ἐπὶ
1563 2353 1598 2371 τη

899 2382 1024 2412 &iniuncti
1045 2385 1098 2411 τῶν
1117 2383 1284 2423 χςημάτων,
1304 2393 1360 2422 euge
1378 2382 1483 2422 πόρους·
1504 2373 1599 2422 qim&-

899 2435 976 2463 μησε
994 2424 1021 2454 δὲ
1039 2424 1071 2453 τὸ
1091 2424 1219 2464 &fian-gor,
1240 2425 1274 2454 τὸ
1292 2424 1391 2455 ω’δεῖον·
1408 2427 1508 2463 νεώρια,
1525 2426 1600 2465 τξιίι-

900 2477 951 2505 ρεις
966 2465 1127 2502 {oraine-270,
1141 2467 1268 2506 λιμένας·
1285 2469 1381 2497 τοῦτον
1395 2468 1408 2497 ἦ
1425 2468 1506 2501 πόλις
1521 2469 1599 2506 ἡμῶν

901 2509 1050 2547 ἶν’-τίμασεν,
1078 2511 1125 2539 καὶ
1149 2511 1213 2544 τοὺς
1235 2510 1342 2544 παῖδας
1366 2509 1457 2540 ἔδησεν
1481 2510 1598 2542 αὖτοῦ.”

902 2552 978 2588 Quae
1005 2552 1125 2591 quidem
1150 2553 1254 2582 Oratio
1282 2555 1318 2582 ab
1350 2553 1509 2591 Hyperide
1533 2560 1597 2583 tan-

900 2605 988 2634 quam
1003 2594 1138 2634 συνηγόξῳ
1153 2595 1256 2624 habita
1273 2606 1342 2625 esse
1357 2595 1489 2630 videtur,
1505 2606 1596 2634 quum

901 2641 972 2676 post
991 2643 1115 2667 mortem
1139 2637 1273 2676 Lycurgi
1296 2640 1360 2677 ejus
1382 2638 1447 2672 filii,
1465 2638 1595 2668 accusati

901 2690 917 2708 a
951 2680 1185 2716 Menesaenhmo,
1217 2681 1356 2710 undecim
1386 2681 1459 2710 viris
1494 2681 1596 2710 traditi

900 2729 1011 2757 essent,
1034 2728 1063 2752 at
1093 2723 1251 2758 Democle,
1278 2723 1479 2761 Theophrasti
1503 2722 1595 2751 disci-

900 2765 984 2804 pulo,
1025 2775 1076 2794 eos
1122 2766 1314 2801 defendente,
1359 2766 1593 2795 absolverentur.

902 2807 1053 2837 Plutarch.
1067 2808 1197 2847 Lycurg.
1214 2819 1244 2847 p.
1259 2811 1332 2839 842.
1358 2807 1522 2846 Bsscnn]

942 2848 955 2867 ⁹
970 2851 1032 2880 Hic
1053 2856 1100 2880 est
1120 2851 1309 2880 Xenocrates
1325 2851 1376 2879 ille
1397 2861 1434 2878 ex
1456 2848 1592 2878 Platonis

900 2893 1024 2928 familia,
1036 2894 1074 2922 de
1088 2894 1173 2931 cnjus
1183 2893 1379 2931 temperantia
1394 2896 1424 2920 et
1439 2891 1593 2920 continen-

900 2935 941 2964 tia
976 2936 1071 2965 multa
1101 2941 1309 2965 memorantur.
1354 2934 1476 2962 Dicitur
1510 2932 1593 2968 Lais,

900 2983 1031 3008 scortum
1047 2978 1275 3013 nobilissimum,
1291 2977 1416 3016 pignore
1440 2985 1505 3004 cum
1527 2976 1592 3013 qui-

907 3021 927 3049 3
943 3032 963 3050 A
