<?xml version="1.0" encoding="UTF-8"?>
<!DOCTYPE html PUBLIC "-//W3C//DTD XHTML 1.0 Transitional//EN"
    "http://www.w3.org/TR/xhtml1/DTD/xhtml1-transitional.dtd">
<html xmlns="http://www.w3.org/1999/xhtml" xml:lang="en" lang="en">
 <head>
  <title>
</title>
<meta http-equiv="Content-Type" content="text/html;charset=utf-8" />
  <meta name='ocr-system' content='tesseract 3.04.00' />
  <meta name='ocr-capabilities' content='ocr_page ocr_carea ocr_par ocr_line ocrx_word'/>
</head>
<body>
  <div class='ocr_page' id='page_1' title='image "./oratoresatticie04dobs/oratoresatticie04dobs_0545.png"; bbox 0 0 1981 3255; ppageno 0'>
   <div class='ocr_carea' id='block_1_1' title="bbox 729 223 1080 266">
    <p class='ocr_par' dir='ltr' id='par_1_1' title="bbox 729 223 1080 266">
     <span class='ocr_line' id='line_1_1' title="bbox 729 223 1080 266; baseline 0.003 -2"><span class='ocrx_word' id='word_1_1' title='bbox 729 223 1080 266; x_wconf 77' lang='lat' dir='ltr'>LYCURGEAE.</span> 
     </span>
    </p>
   </div>
   <div class='ocr_carea' id='block_1_2' title="bbox 192 335 701 377">
    <p class='ocr_par' dir='ltr' id='par_1_2' title="bbox 192 335 701 377">
     <span class='ocr_line' id='line_1_2' title="bbox 192 335 701 377; baseline 0 -11"><span class='ocrx_word' id='word_1_2' title='bbox 192 335 378 377; x_wconf 70' lang='grc' dir='ltr'>ψυχαγωγεῖν</span> <span class='ocrx_word' id='word_1_3' title='bbox 392 337 452 371; x_wconf 76' lang='grc' dir='ltr'>τοῖς</span> <span class='ocrx_word' id='word_1_4' title='bbox 465 336 565 375; x_wconf 78' lang='grc' dir='ltr'>λόγοις.</span> <span class='ocrx_word' id='word_1_5' title='bbox 582 338 654 372; x_wconf 88' lang='grc'><strong>162,</strong></span> <span class='ocrx_word' id='word_1_6' title='bbox 670 337 701 366; x_wconf 90' lang='grc'>2.</span> 
     </span>
    </p>
   </div>
   <div class='ocr_carea' id='block_1_3' title="bbox 192 378 895 461">
    <p class='ocr_par' dir='ltr' id='par_1_3' title="bbox 192 378 895 461">
     <span class='ocr_line' id='line_1_3' title="bbox 192 378 895 420; baseline 0 -11"><span class='ocrx_word' id='word_1_7' title='bbox 192 378 288 420; x_wconf 68' lang='grc' dir='ltr'>ψυχὴ]</span> <span class='ocrx_word' id='word_1_8' title='bbox 312 381 360 410; x_wconf 74' lang='grc' dir='ltr'>τὴν</span> <span class='ocrx_word' id='word_1_9' title='bbox 371 378 438 409; x_wconf 76' lang='grc' dir='ltr'>ἰδίαν</span> <span class='ocrx_word' id='word_1_10' title='bbox 449 378 542 420; x_wconf 69' lang='grc' dir='ltr'>ψυχὴν</span> <span class='ocrx_word' id='word_1_11' title='bbox 553 378 834 409; x_wconf 52' lang='lat' dir='ltr'>&amp;vanari-andrum</span> <span class='ocrx_word' id='word_1_12' title='bbox 844 381 895 413; x_wconf 69' lang='grc' dir='ltr'>τῆς</span> 
     </span>
     <span class='ocr_line' id='line_1_4' title="bbox 232 421 895 461; baseline 0 -10"><span class='ocrx_word' id='word_1_13' title='bbox 232 423 318 457; x_wconf 68' lang='grc' dir='ltr'>κοινῆς</span> <span class='ocrx_word' id='word_1_14' title='bbox 331 422 476 461; x_wconf 63' lang='grc' dir='ltr'>σωτηρίας,</span> <span class='ocrx_word' id='word_1_15' title='bbox 493 423 566 457; x_wconf 87' lang='lat'><em>196,</em></span> <span class='ocrx_word' id='word_1_16' title='bbox 581 422 636 452; x_wconf 86' lang='lat' dir='ltr'>ult.</span> <span class='ocrx_word' id='word_1_17' title='bbox 651 423 705 456; x_wconf 72' lang='grc' dir='ltr'>τὰς</span> <span class='ocrx_word' id='word_1_18' title='bbox 718 421 823 451; x_wconf 72' lang='grc' dir='ltr'>τούτων</span> <span class='ocrx_word' id='word_1_19' title='bbox 840 421 895 459; x_wconf 70' lang='grc' dir='ltr'>ψυ-</span> 
     </span>
    </p>
   </div>
   <div class='ocr_carea' id='block_1_4' title="bbox 234 463 894 506">
    <p class='ocr_par' dir='ltr' id='par_1_4' title="bbox 234 463 894 506">
     <span class='ocr_line' id='line_1_5' title="bbox 234 463 894 506; baseline 0.003 -14"><span class='ocrx_word' id='word_1_20' title='bbox 234 465 295 506; x_wconf 72' lang='grc' dir='ltr'>χὰς</span> <span class='ocrx_word' id='word_1_21' title='bbox 314 464 450 503; x_wconf 74' lang='grc' dir='ltr'>στέφανον</span> <span class='ocrx_word' id='word_1_22' title='bbox 468 463 534 494; x_wconf 77' lang='grc' dir='ltr'>εῖναι</span> <span class='ocrx_word' id='word_1_23' title='bbox 549 465 602 499; x_wconf 69' lang='grc' dir='ltr'>τῆς</span> <span class='ocrx_word' id='word_1_24' title='bbox 617 463 758 504; x_wconf 73' lang='grc' dir='ltr'><strong>πατςίδος.</strong></span> <span class='ocrx_word' id='word_1_25' title='bbox 774 466 848 500; x_wconf 78' lang='grc'><strong>176,</strong></span> <span class='ocrx_word' id='word_1_26' title='bbox 862 467 894 494; x_wconf 81' lang='grc'>7.</span> 
     </span>
    </p>
   </div>
   <div class='ocr_carea' id='block_1_5' title="bbox 235 505 896 548">
    <p class='ocr_par' dir='ltr' id='par_1_5' title="bbox 235 505 896 548">
     <span class='ocr_line' id='line_1_6' title="bbox 235 505 896 548; baseline 0 -12"><span class='ocrx_word' id='word_1_27' title='bbox 235 506 347 540; x_wconf 69' lang='grc' dir='ltr'><strong><em>ἑκούσης</em></strong></span> <span class='ocrx_word' id='word_1_28' title='bbox 356 509 406 540; x_wconf 75' lang='grc' dir='ltr'>τῆς</span> <span class='ocrx_word' id='word_1_29' title='bbox 415 505 487 546; x_wconf 67' lang='grc' dir='ltr'>ἐμῆς</span> <span class='ocrx_word' id='word_1_30' title='bbox 497 506 603 548; x_wconf 71' lang='grc' dir='ltr'><strong>ψυχῆς.</strong></span> <span class='ocrx_word' id='word_1_31' title='bbox 618 517 683 537; x_wconf 90' lang='lat' dir='ltr'>mea</span> <span class='ocrx_word' id='word_1_32' title='bbox 692 512 810 546; x_wconf 88' lang='lat' dir='ltr'>sponte.</span> <span class='ocrx_word' id='word_1_33' title='bbox 823 510 884 537; x_wconf 84' lang='grc'><em>207</em></span> <span class='ocrx_word' id='word_1_34' title='bbox 889 530 896 541; x_wconf 79' lang='grc'>,</span> 
     </span>
    </p>
   </div>
   <div class='ocr_carea' id='block_1_6' title="bbox 234 548 895 633">
    <p class='ocr_par' dir='ltr' id='par_1_6' title="bbox 234 548 895 633">
     <span class='ocr_line' id='line_1_7' title="bbox 234 548 895 590; baseline 0.002 -12"><span class='ocrx_word' id='word_1_35' title='bbox 234 559 304 588; x_wconf 86' lang='lat' dir='ltr'>pen.</span> <span class='ocrx_word' id='word_1_36' title='bbox 324 552 465 588; x_wconf 77' lang='grc' dir='ltr'><em>συγγενεῖς</em></span> <span class='ocrx_word' id='word_1_37' title='bbox 479 549 507 579; x_wconf 81' lang='grc' dir='ltr'>οὗ</span> <span class='ocrx_word' id='word_1_38' title='bbox 525 549 606 589; x_wconf 81' lang='grc' dir='ltr'>μόνον</span> <span class='ocrx_word' id='word_1_39' title='bbox 617 552 672 584; x_wconf 73' lang='grc' dir='ltr'>τὰς</span> <span class='ocrx_word' id='word_1_40' title='bbox 692 548 802 590; x_wconf 67' lang='grc' dir='ltr'><strong>ψυχὰς,</strong></span> <span class='ocrx_word' id='word_1_41' title='bbox 817 551 895 579; x_wconf 71' lang='grc' dir='ltr'>ἀλλὰ</span> 
     </span>
     <span class='ocr_line' id='line_1_8' title="bbox 235 591 894 633; baseline 0.005 -12"><span class='ocrx_word' id='word_1_42' title='bbox 235 591 282 621; x_wconf 72' lang='grc' dir='ltr'>καὶ</span> <span class='ocrx_word' id='word_1_43' title='bbox 292 593 348 626; x_wconf 79' lang='grc' dir='ltr'>τὰς</span> <span class='ocrx_word' id='word_1_44' title='bbox 356 592 494 633; x_wconf 59' lang='grc' dir='ltr'>τιμωρίας</span> <span class='ocrx_word' id='word_1_45' title='bbox 504 594 558 622; x_wconf 77' lang='grc' dir='ltr'>τῶν</span> <span class='ocrx_word' id='word_1_46' title='bbox 568 592 727 623; x_wconf 73' lang='grc' dir='ltr'>ἀδικούντων</span> <span class='ocrx_word' id='word_1_47' title='bbox 737 591 894 624; x_wconf 70' lang='grc' dir='ltr'>ἐκέκτηντο.</span> 
     </span>
    </p>
   </div>
   <div class='ocr_carea' id='block_1_7' title="bbox 1542 225 1621 267">
    <p class='ocr_par' dir='ltr' id='par_1_7' title="bbox 1542 225 1621 267">
     <span class='ocr_line' id='line_1_9' title="bbox 1542 225 1621 267; baseline -0.013 0"><span class='ocrx_word' id='word_1_48' title='bbox 1542 225 1621 267; x_wconf 85' lang='grc'>509</span> 
     </span>
    </p>
   </div>
   <div class='ocr_carea' id='block_1_8' title="bbox 970 338 1631 459">
    <p class='ocr_par' dir='ltr' id='par_1_8' title="bbox 970 338 1631 459">
     <span class='ocr_line' id='line_1_10' title="bbox 970 338 1630 378; baseline 0.002 -10"><span class='ocrx_word' id='word_1_49' title='bbox 970 342 1115 377; x_wconf 79' lang='lat' dir='ltr'>cognatos</span> <span class='ocrx_word' id='word_1_50' title='bbox 1127 342 1157 368; x_wconf 86' lang='lat' dir='ltr'>et</span> <span class='ocrx_word' id='word_1_51' title='bbox 1170 338 1318 378; x_wconf 83' lang='lat' dir='ltr'>ingenitos</span> <span class='ocrx_word' id='word_1_52' title='bbox 1332 341 1481 371; x_wconf 75' lang='lat' dir='ltr'><strong>habebant</strong></span> <span class='ocrx_word' id='word_1_53' title='bbox 1494 348 1552 370; x_wconf 88' lang='lat' dir='ltr'>non</span> <span class='ocrx_word' id='word_1_54' title='bbox 1568 349 1630 369; x_wconf 88' lang='lat' dir='ltr'>mo·</span> 
     </span>
     <span class='ocr_line' id='line_1_11' title="bbox 970 381 1631 422; baseline 0 -11"><span class='ocrx_word' id='word_1_55' title='bbox 970 382 1009 412; x_wconf 95' lang='lat' dir='ltr'>do</span> <span class='ocrx_word' id='word_1_56' title='bbox 1024 381 1141 412; x_wconf 89' lang='lat' dir='ltr'>nobiles</span> <span class='ocrx_word' id='word_1_57' title='bbox 1157 381 1292 421; x_wconf 87' lang='lat' dir='ltr'>spiritus,</span> <span class='ocrx_word' id='word_1_58' title='bbox 1307 383 1360 412; x_wconf 84' lang='lat' dir='ltr'>sed</span> <span class='ocrx_word' id='word_1_59' title='bbox 1375 383 1466 413; x_wconf 83' lang='lat' dir='ltr'>etiam</span> <span class='ocrx_word' id='word_1_60' title='bbox 1486 381 1631 422; x_wconf 87' lang='lat' dir='ltr'>puniendi</span> 
     </span>
     <span class='ocr_line' id='line_1_12' title="bbox 970 424 1306 459; baseline -0.003 -4"><span class='ocrx_word' id='word_1_61' title='bbox 970 424 1175 455; x_wconf 85' lang='lat' dir='ltr'>severitatem.</span> <span class='ocrx_word' id='word_1_62' title='bbox 1191 426 1264 459; x_wconf 87' lang='lat'>222,</span> <span class='ocrx_word' id='word_1_63' title='bbox 1276 427 1306 455; x_wconf 84' lang='lat'>4.</span> 
     </span>
    </p>
   </div>
   <div class='ocr_carea' id='block_1_9' title="bbox 1263 531 1301 555">
    <p class='ocr_par' dir='ltr' id='par_1_9' title="bbox 1263 531 1301 555">
     <span class='ocr_line' id='line_1_13' title="bbox 1263 531 1301 555; baseline -0.026 0"><span class='ocrx_word' id='word_1_64' title='bbox 1263 531 1301 555; x_wconf 87' lang='grc' dir='ltr'>Ω.</span> 
     </span>
    </p>
   </div>
   <div class='ocr_carea' id='block_1_10' title="bbox 929 591 1511 635">
    <p class='ocr_par' dir='ltr' id='par_1_10' title="bbox 929 591 1511 635">
     <span class='ocr_line' id='line_1_14' title="bbox 929 591 1511 635; baseline 0 -13"><span class='ocrx_word' id='word_1_65' title='bbox 929 593 996 635; x_wconf 64' lang='lat'>‘²¹²3‘-</span> <span class='ocrx_word' id='word_1_66' title='bbox 1010 602 1093 628; x_wconf 84' lang='lat' dir='ltr'>cura,</span> <span class='ocrx_word' id='word_1_67' title='bbox 1108 597 1278 632; x_wconf 80' lang='lat' dir='ltr'>respectus,</span> <span class='ocrx_word' id='word_1_68' title='bbox 1291 591 1379 623; x_wconf 85' lang='lat' dir='ltr'>ratio.</span> <span class='ocrx_word' id='word_1_69' title='bbox 1395 593 1468 627; x_wconf 84' lang='grc'><strong>213,</strong></span> <span class='ocrx_word' id='word_1_70' title='bbox 1482 596 1511 624; x_wconf 83' lang='lat'>4.</span> 
     </span>
    </p>
   </div>
   <div class='ocr_carea' id='block_1_11' title="bbox 499 927 1334 1095">
    <p class='ocr_par' dir='ltr' id='par_1_11' title="bbox 499 927 1334 1095">
     <span class='ocr_line' id='line_1_15' title="bbox 499 927 1334 979; baseline 0.002 -2"><span class='ocrx_word' id='word_1_71' title='bbox 499 927 765 978; x_wconf 91' lang='lat' dir='ltr'><strong>INDEX</strong></span> <span class='ocrx_word' id='word_1_72' title='bbox 818 928 1334 979; x_wconf 86' lang='lat' dir='ltr'>HISTORICUS</span> 
     </span>
     <span class='ocr_line' id='line_1_16' title="bbox 640 1050 1185 1095; baseline 0.002 -2"><span class='ocrx_word' id='word_1_73' title='bbox 640 1051 732 1093; x_wconf 93' lang='lat' dir='ltr'>AD</span> <span class='ocrx_word' id='word_1_74' title='bbox 784 1050 1185 1095; x_wconf 88' lang='lat' dir='ltr'>LYCURGUM.</span> 
     </span>
    </p>
   </div>
   <div class='ocr_carea' id='block_1_12' title="bbox 195 1274 905 2764">
    <p class='ocr_par' dir='ltr' id='par_1_12' title="bbox 195 1274 894 1357">
     <span class='ocr_line' id='line_1_17' title="bbox 195 1274 894 1317; baseline -0.001 -11"><span class='ocrx_word' id='word_1_75' title='bbox 195 1275 410 1306; x_wconf 70' lang='lat' dir='ltr'>AmMANrus</span> <span class='ocrx_word' id='word_1_76' title='bbox 434 1274 659 1305; x_wconf 84' lang='lat' dir='ltr'>Corinthiorum</span> <span class='ocrx_word' id='word_1_77' title='bbox 680 1274 712 1305; x_wconf 88' lang='lat' dir='ltr'>in</span> <span class='ocrx_word' id='word_1_78' title='bbox 733 1285 836 1317; x_wconf 85' lang='lat' dir='ltr'>pugna</span> <span class='ocrx_word' id='word_1_79' title='bbox 858 1275 894 1305; x_wconf 83' lang='lat' dir='ltr'>ad</span> 
     </span>
     <span class='ocr_line' id='line_1_18' title="bbox 239 1317 765 1357; baseline 0.002 -9"><span class='ocrx_word' id='word_1_80' title='bbox 239 1317 419 1348; x_wconf 82' lang='lat' dir='ltr'>Salaminem</span> <span class='ocrx_word' id='word_1_81' title='bbox 434 1318 605 1357; x_wconf 86' lang='lat' dir='ltr'>imperator.</span> <span class='ocrx_word' id='word_1_82' title='bbox 624 1317 697 1353; x_wconf 87' lang='lat'>185,</span> <span class='ocrx_word' id='word_1_83' title='bbox 713 1319 765 1349; x_wconf 89' lang='grc'>15.</span> 
     </span>
    </p>

    <p class='ocr_par' dir='ltr' id='par_1_13' title="bbox 197 1360 700 1400">
     <span class='ocr_line' id='line_1_19' title="bbox 197 1360 700 1400; baseline 0 -10"><span class='ocrx_word' id='word_1_84' title='bbox 197 1361 408 1400; x_wconf 84' lang='lat' dir='ltr'>AEginetarum</span> <span class='ocrx_word' id='word_1_85' title='bbox 424 1360 542 1390; x_wconf 86' lang='lat' dir='ltr'>classis.</span> <span class='ocrx_word' id='word_1_86' title='bbox 558 1360 633 1396; x_wconf 86' lang='lat'>185,</span> <span class='ocrx_word' id='word_1_87' title='bbox 650 1361 700 1390; x_wconf 91' lang='lat'>16.</span> 
     </span>
    </p>

    <p class='ocr_par' dir='ltr' id='par_1_14' title="bbox 196 1402 898 1485">
     <span class='ocr_line' id='line_1_20' title="bbox 196 1402 898 1443; baseline 0 -10"><span class='ocrx_word' id='word_1_88' title='bbox 196 1403 387 1439; x_wconf 85' lang='lat' dir='ltr'>Alexander,</span> <span class='ocrx_word' id='word_1_89' title='bbox 396 1413 453 1433; x_wconf 85' lang='lat' dir='ltr'>rex</span> <span class='ocrx_word' id='word_1_90' title='bbox 461 1403 663 1440; x_wconf 89' lang='lat' dir='ltr'>Macedoniae,</span> <span class='ocrx_word' id='word_1_91' title='bbox 672 1412 761 1443; x_wconf 89' lang='lat' dir='ltr'>quem</span> <span class='ocrx_word' id='word_1_92' title='bbox 772 1402 898 1433; x_wconf 83' lang='lat' dir='ltr'>Xerxes</span> 
     </span>
     <span class='ocr_line' id='line_1_21' title="bbox 240 1445 800 1485; baseline -0.002 -9"><span class='ocrx_word' id='word_1_93' title='bbox 240 1446 279 1476; x_wconf 88' lang='lat' dir='ltr'>ad</span> <span class='ocrx_word' id='word_1_94' title='bbox 292 1446 494 1477; x_wconf 80' lang='lat' dir='ltr'>Athenienses</span> <span class='ocrx_word' id='word_1_95' title='bbox 510 1445 664 1485; x_wconf 77' lang='lat' dir='ltr'>allegavit.</span> <span class='ocrx_word' id='word_1_96' title='bbox 680 1447 755 1482; x_wconf 84' lang='lat'>186,</span> <span class='ocrx_word' id='word_1_97' title='bbox 770 1446 800 1477; x_wconf 88' lang='lat'>5.</span> 
     </span>
    </p>

    <p class='ocr_par' dir='ltr' id='par_1_15' title="bbox 197 1488 898 1567">
     <span class='ocr_line' id='line_1_22' title="bbox 197 1488 898 1529; baseline -0.001 -10"><span class='ocrx_word' id='word_1_98' title='bbox 197 1488 364 1525; x_wconf 79' lang='lat' dir='ltr'>Alexicles,</span> <span class='ocrx_word' id='word_1_99' title='bbox 384 1489 438 1528; x_wconf 89' lang='lat' dir='ltr'>qui</span> <span class='ocrx_word' id='word_1_100' title='bbox 460 1500 516 1528; x_wconf 90' lang='lat' dir='ltr'>pro</span> <span class='ocrx_word' id='word_1_101' title='bbox 537 1488 713 1529; x_wconf 83' lang='lat' dir='ltr'>Phrynicho</span> <span class='ocrx_word' id='word_1_102' title='bbox 732 1488 825 1525; x_wconf 86' lang='lat' dir='ltr'>dixit,</span> <span class='ocrx_word' id='word_1_103' title='bbox 847 1498 898 1518; x_wconf 87' lang='lat' dir='ltr'>oc-</span> 
     </span>
     <span class='ocr_line' id='line_1_23' title="bbox 240 1531 494 1567; baseline 0 -6"><span class='ocrx_word' id='word_1_104' title='bbox 240 1531 334 1562; x_wconf 76' lang='lat' dir='ltr'>cisus.</span> <span class='ocrx_word' id='word_1_105' title='bbox 352 1535 426 1567; x_wconf 89' lang='lat'>218,</span> <span class='ocrx_word' id='word_1_106' title='bbox 444 1534 494 1563; x_wconf 87' lang='lat'>19.</span> 
     </span>
    </p>

    <p class='ocr_par' dir='ltr' id='par_1_16' title="bbox 198 1573 899 1655">
     <span class='ocr_line' id='line_1_24' title="bbox 198 1573 899 1614; baseline -0.001 -10"><span class='ocrx_word' id='word_1_107' title='bbox 198 1573 357 1613; x_wconf 80' lang='lat' dir='ltr'>Amyntas,</span> <span class='ocrx_word' id='word_1_108' title='bbox 386 1584 480 1613; x_wconf 87' lang='lat' dir='ltr'>penes</span> <span class='ocrx_word' id='word_1_109' title='bbox 509 1585 597 1614; x_wconf 86' lang='lat' dir='ltr'>quem</span> <span class='ocrx_word' id='word_1_110' title='bbox 627 1573 712 1604; x_wconf 86' lang='lat' dir='ltr'>soror</span> <span class='ocrx_word' id='word_1_111' title='bbox 741 1573 899 1604; x_wconf 82' lang='lat' dir='ltr'>Leocratis</span> 
     </span>
     <span class='ocr_line' id='line_1_25' title="bbox 242 1618 493 1655; baseline 0 -9"><span class='ocrx_word' id='word_1_112' title='bbox 242 1620 316 1647; x_wconf 85' lang='lat' dir='ltr'>erat.</span> <span class='ocrx_word' id='word_1_113' title='bbox 333 1618 406 1652; x_wconf 84' lang='grc'><strong>152,</strong></span> <span class='ocrx_word' id='word_1_114' title='bbox 422 1626 493 1655; x_wconf 89' lang='lat' dir='ltr'>pen.</span> 
     </span>
    </p>

    <p class='ocr_par' dir='ltr' id='par_1_17' title="bbox 197 1658 780 1699">
     <span class='ocr_line' id='line_1_26' title="bbox 197 1658 780 1699; baseline -0.002 -10"><span class='ocrx_word' id='word_1_115' title='bbox 197 1658 368 1698; x_wconf 84' lang='lat' dir='ltr'>Antigenes</span> <span class='ocrx_word' id='word_1_116' title='bbox 383 1658 616 1699; x_wconf 87' lang='lat' dir='ltr'>Xypetaeensis.</span> <span class='ocrx_word' id='word_1_117' title='bbox 634 1659 708 1695; x_wconf 87' lang='lat'>152,</span> <span class='ocrx_word' id='word_1_118' title='bbox 723 1659 780 1689; x_wconf 89' lang='lat' dir='ltr'>ult.</span> 
     </span>
    </p>

    <p class='ocr_par' dir='ltr' id='par_1_18' title="bbox 197 1700 901 1782">
     <span class='ocr_line' id='line_1_27' title="bbox 197 1700 901 1741; baseline -0.003 -9"><span class='ocrx_word' id='word_1_119' title='bbox 197 1702 417 1741; x_wconf 89' lang='lat' dir='ltr'>Apollodorus,</span> <span class='ocrx_word' id='word_1_120' title='bbox 447 1701 502 1741; x_wconf 86' lang='lat' dir='ltr'>qui</span> <span class='ocrx_word' id='word_1_121' title='bbox 537 1702 746 1741; x_wconf 90' lang='lat' dir='ltr'>Phrynichum</span> <span class='ocrx_word' id='word_1_122' title='bbox 777 1700 901 1731; x_wconf 89' lang='lat' dir='ltr'>occidit.</span> 
     </span>
     <span class='ocr_line' id='line_1_28' title="bbox 240 1747 383 1782; baseline -0.007 -7"><span class='ocrx_word' id='word_1_123' title='bbox 240 1747 383 1782; x_wconf 71' lang='lat'>217‚11.</span> 
     </span>
    </p>

    <p class='ocr_par' dir='ltr' id='par_1_19' title="bbox 196 1785 898 1865">
     <span class='ocr_line' id='line_1_29' title="bbox 196 1785 898 1826; baseline -0.003 -8"><span class='ocrx_word' id='word_1_124' title='bbox 196 1787 403 1823; x_wconf 84' lang='lat' dir='ltr'>Aristarchus,</span> <span class='ocrx_word' id='word_1_125' title='bbox 415 1786 466 1825; x_wconf 92' lang='lat' dir='ltr'>qui</span> <span class='ocrx_word' id='word_1_126' title='bbox 481 1797 537 1826; x_wconf 86' lang='lat' dir='ltr'>pro</span> <span class='ocrx_word' id='word_1_127' title='bbox 555 1787 729 1826; x_wconf 84' lang='lat' dir='ltr'>Phrynicho</span> <span class='ocrx_word' id='word_1_128' title='bbox 745 1785 833 1822; x_wconf 89' lang='lat' dir='ltr'>dixit,</span> <span class='ocrx_word' id='word_1_129' title='bbox 849 1797 898 1816; x_wconf 89' lang='lat' dir='ltr'>oc-</span> 
     </span>
     <span class='ocr_line' id='line_1_30' title="bbox 239 1830 490 1865; baseline 0 -6"><span class='ocrx_word' id='word_1_130' title='bbox 239 1830 332 1860; x_wconf 87' lang='lat' dir='ltr'>cisus.</span> <span class='ocrx_word' id='word_1_131' title='bbox 349 1832 423 1865; x_wconf 83' lang='lat'>218,</span> <span class='ocrx_word' id='word_1_132' title='bbox 439 1831 490 1860; x_wconf 87' lang='lat'>19.</span> 
     </span>
    </p>

    <p class='ocr_par' dir='ltr' id='par_1_20' title="bbox 198 1871 900 1954">
     <span class='ocr_line' id='line_1_31' title="bbox 198 1871 900 1911; baseline -0.001 -8"><span class='ocrx_word' id='word_1_133' title='bbox 198 1873 399 1903; x_wconf 82' lang='lat' dir='ltr'>Athenienses</span> <span class='ocrx_word' id='word_1_134' title='bbox 420 1871 547 1902; x_wconf 83' lang='lat' dir='ltr'>Graeciae</span> <span class='ocrx_word' id='word_1_135' title='bbox 569 1871 723 1911; x_wconf 81' lang='lat' dir='ltr'>principes</span> <span class='ocrx_word' id='word_1_136' title='bbox 740 1871 833 1902; x_wconf 77' lang='lat' dir='ltr'>fuisse</span> <span class='ocrx_word' id='word_1_137' title='bbox 853 1872 900 1902; x_wconf 90' lang='lat' dir='ltr'>di-</span> 
     </span>
     <span class='ocr_line' id='line_1_32' title="bbox 241 1914 792 1954; baseline 0 -10"><span class='ocrx_word' id='word_1_138' title='bbox 241 1920 350 1946; x_wconf 86' lang='lat' dir='ltr'>cuntur</span> <span class='ocrx_word' id='word_1_139' title='bbox 361 1915 447 1945; x_wconf 82' lang='lat' dir='ltr'>annis</span> <span class='ocrx_word' id='word_1_140' title='bbox 458 1914 630 1954; x_wconf 85' lang='lat' dir='ltr'>nonaginta.</span> <span class='ocrx_word' id='word_1_141' title='bbox 645 1916 719 1951; x_wconf 88' lang='lat'>186,</span> <span class='ocrx_word' id='word_1_142' title='bbox 737 1915 792 1944; x_wconf 88' lang='lat' dir='ltr'>ult.</span> 
     </span>
    </p>

    <p class='ocr_par' dir='ltr' id='par_1_21' title="bbox 200 1957 900 2037">
     <span class='ocr_line' id='line_1_33' title="bbox 200 1957 900 1998; baseline -0.004 -10"><span class='ocrx_word' id='word_1_143' title='bbox 200 1958 372 1998; x_wconf 81' lang='lat' dir='ltr'>Autolycus</span> <span class='ocrx_word' id='word_1_144' title='bbox 390 1959 427 1988; x_wconf 86' lang='lat' dir='ltr'>ab</span> <span class='ocrx_word' id='word_1_145' title='bbox 448 1958 644 1997; x_wconf 91' lang='lat' dir='ltr'>Areopagitis</span> <span class='ocrx_word' id='word_1_146' title='bbox 662 1961 758 1987; x_wconf 89' lang='lat' dir='ltr'>morte</span> <span class='ocrx_word' id='word_1_147' title='bbox 774 1957 900 1988; x_wconf 84' lang='lat' dir='ltr'>mulcta-</span> 
     </span>
     <span class='ocr_line' id='line_1_34' title="bbox 241 2003 455 2037; baseline -0.005 -6"><span class='ocrx_word' id='word_1_148' title='bbox 241 2005 303 2031; x_wconf 87' lang='lat' dir='ltr'>tus.</span> <span class='ocrx_word' id='word_1_149' title='bbox 318 2003 392 2037; x_wconf 86' lang='grc'><strong>177,</strong></span> <span class='ocrx_word' id='word_1_150' title='bbox 403 2003 455 2031; x_wconf 90' lang='lat'>10.</span> 
     </span>
    </p>

    <p class='ocr_par' dir='ltr' id='par_1_22' title="bbox 202 2044 568 2078">
     <span class='ocr_line' id='line_1_35' title="bbox 202 2044 568 2078; baseline -0.005 -4"><span class='ocrx_word' id='word_1_151' title='bbox 202 2044 408 2074; x_wconf 83' lang='lat' dir='ltr'>Callistratus.</span> <span class='ocrx_word' id='word_1_152' title='bbox 425 2046 499 2078; x_wconf 87' lang='lat'>198,</span> <span class='ocrx_word' id='word_1_153' title='bbox 514 2044 568 2073; x_wconf 83' lang='lat'>13.</span> 
     </span>
    </p>

    <p class='ocr_par' dir='ltr' id='par_1_23' title="bbox 202 2084 903 2125">
     <span class='ocr_line' id='line_1_36' title="bbox 202 2084 903 2125; baseline -0.004 -9"><span class='ocrx_word' id='word_1_154' title='bbox 202 2086 367 2125; x_wconf 85' lang='lat' dir='ltr'>Cephisus,</span> <span class='ocrx_word' id='word_1_155' title='bbox 383 2089 471 2125; x_wconf 90' lang='lat' dir='ltr'>pater</span> <span class='ocrx_word' id='word_1_156' title='bbox 493 2084 676 2114; x_wconf 81' lang='lat' dir='ltr'>Praxitheae.</span> <span class='ocrx_word' id='word_1_157' title='bbox 692 2086 765 2120; x_wconf 89' lang='grc'><strong>202,</strong></span> <span class='ocrx_word' id='word_1_158' title='bbox 781 2087 810 2115; x_wconf 88' lang='grc'>3.</span> <span class='ocrx_word' id='word_1_159' title='bbox 826 2086 903 2119; x_wconf 84' lang='grc'><strong>203,</strong></span> 
     </span>
    </p>

    <p class='ocr_par' dir='ltr' id='par_1_24' title="bbox 202 2168 903 2295">
     <span class='ocr_line' id='line_1_37' title="bbox 202 2168 903 2210; baseline -0.004 -9"><span class='ocrx_word' id='word_1_160' title='bbox 202 2171 376 2210; x_wconf 81' lang='lat' dir='ltr'>Cleopatra,</span> <span class='ocrx_word' id='word_1_161' title='bbox 401 2168 539 2208; x_wconf 80' lang='lat' dir='ltr'>Philippi</span> <span class='ocrx_word' id='word_1_162' title='bbox 561 2168 633 2204; x_wconf 83' lang='lat' dir='ltr'>filia,</span> <span class='ocrx_word' id='word_1_163' title='bbox 657 2168 823 2199; x_wconf 82' lang='lat' dir='ltr'>Alexandri</span> <span class='ocrx_word' id='word_1_164' title='bbox 856 2169 903 2199; x_wconf 91' lang='lat' dir='ltr'>M.</span> 
     </span>
     <span class='ocr_line' id='line_1_38' title="bbox 245 2211 902 2252; baseline -0.003 -9"><span class='ocrx_word' id='word_1_165' title='bbox 245 2223 341 2249; x_wconf 89' lang='lat' dir='ltr'>soror,</span> <span class='ocrx_word' id='word_1_166' title='bbox 365 2217 397 2242; x_wconf 89' lang='lat' dir='ltr'>et</span> <span class='ocrx_word' id='word_1_167' title='bbox 421 2222 496 2242; x_wconf 88' lang='lat' dir='ltr'>uxor</span> <span class='ocrx_word' id='word_1_168' title='bbox 517 2211 687 2243; x_wconf 85' lang='lat' dir='ltr'>Alexandri</span> <span class='ocrx_word' id='word_1_169' title='bbox 711 2212 902 2252; x_wconf 83' lang='lat' dir='ltr'>Epirotarum</span> 
     </span>
     <span class='ocr_line' id='line_1_39' title="bbox 245 2255 703 2295; baseline -0.002 -10"><span class='ocrx_word' id='word_1_170' title='bbox 245 2255 337 2295; x_wconf 85' lang='lat' dir='ltr'>regis.</span> <span class='ocrx_word' id='word_1_171' title='bbox 355 2255 428 2291; x_wconf 90' lang='lat'>156,</span> <span class='ocrx_word' id='word_1_172' title='bbox 441 2265 512 2294; x_wconf 85' lang='lat' dir='ltr'>pen.</span> <span class='ocrx_word' id='word_1_173' title='bbox 699 2264 703 2267; x_wconf 93' lang='lat'>·</span> 
     </span>
    </p>

    <p class='ocr_par' dir='ltr' id='par_1_25' title="bbox 201 2298 767 2334">
     <span class='ocr_line' id='line_1_40' title="bbox 201 2298 767 2334; baseline -0.004 -5"><span class='ocrx_word' id='word_1_174' title='bbox 201 2299 334 2334; x_wconf 84' lang='lat' dir='ltr'>Codrus,</span> <span class='ocrx_word' id='word_1_175' title='bbox 349 2307 404 2327; x_wconf 83' lang='lat' dir='ltr'>rex</span> <span class='ocrx_word' id='word_1_176' title='bbox 417 2298 612 2328; x_wconf 84' lang='lat' dir='ltr'>Athenarum.</span> <span class='ocrx_word' id='word_1_177' title='bbox 627 2299 699 2333; x_wconf 84' lang='lat'>194,</span> <span class='ocrx_word' id='word_1_178' title='bbox 717 2299 767 2327; x_wconf 88' lang='lat'>18.</span> 
     </span>
    </p>

    <p class='ocr_par' dir='ltr' id='par_1_26' title="bbox 202 2341 463 2376">
     <span class='ocr_line' id='line_1_41' title="bbox 202 2341 463 2376; baseline -0.008 -4"><span class='ocrx_word' id='word_1_179' title='bbox 202 2341 325 2372; x_wconf 84' lang='lat' dir='ltr'>Critias.</span> <span class='ocrx_word' id='word_1_180' title='bbox 341 2342 416 2376; x_wconf 88' lang='lat'>218,</span> <span class='ocrx_word' id='word_1_181' title='bbox 433 2343 463 2371; x_wconf 92' lang='lat'>1.</span> 
     </span>
    </p>

    <p class='ocr_par' dir='ltr' id='par_1_27' title="bbox 203 2383 601 2423">
     <span class='ocr_line' id='line_1_42' title="bbox 203 2383 601 2423; baseline -0.005 -9"><span class='ocrx_word' id='word_1_182' title='bbox 203 2384 446 2423; x_wconf 77' lang='lat' dir='ltr'>Demophantus.</span> <span class='ocrx_word' id='word_1_183' title='bbox 463 2383 538 2418; x_wconf 88' lang='lat'>225,</span> <span class='ocrx_word' id='word_1_184' title='bbox 549 2383 601 2414; x_wconf 86' lang='lat'>15.</span> 
     </span>
    </p>

    <p class='ocr_par' dir='ltr' id='par_1_28' title="bbox 203 2424 735 2465">
     <span class='ocr_line' id='line_1_43' title="bbox 203 2424 735 2465; baseline -0.006 -8"><span class='ocrx_word' id='word_1_185' title='bbox 203 2427 393 2458; x_wconf 87' lang='lat' dir='ltr'>Erechtheus</span> <span class='ocrx_word' id='word_1_186' title='bbox 408 2436 463 2455; x_wconf 87' lang='lat' dir='ltr'>rex</span> <span class='ocrx_word' id='word_1_187' title='bbox 479 2424 603 2455; x_wconf 82' lang='lat' dir='ltr'>Atticae.</span> <span class='ocrx_word' id='word_1_188' title='bbox 616 2426 691 2465; x_wconf 79' lang='lat'>202,</span> <span class='ocrx_word' id='word_1_189' title='bbox 704 2425 735 2454; x_wconf 88' lang='grc'><em>2.</em></span> 
     </span>
    </p>

    <p class='ocr_par' dir='ltr' id='par_1_29' title="bbox 203 2467 903 2550">
     <span class='ocr_line' id='line_1_44' title="bbox 203 2467 903 2506; baseline -0.006 -6"><span class='ocrx_word' id='word_1_190' title='bbox 203 2469 369 2500; x_wconf 82' lang='lat' dir='ltr'>Eteonicus</span> <span class='ocrx_word' id='word_1_191' title='bbox 385 2468 680 2498; x_wconf 76' lang='lat' dir='ltr'>Lacedaemoniorum</span> <span class='ocrx_word' id='word_1_192' title='bbox 693 2467 722 2496; x_wconf 91' lang='lat' dir='ltr'>in</span> <span class='ocrx_word' id='word_1_193' title='bbox 736 2476 836 2506; x_wconf 86' lang='lat' dir='ltr'>pugna</span> <span class='ocrx_word' id='word_1_194' title='bbox 849 2467 903 2496; x_wconf 88' lang='lat' dir='ltr'>Sa-</span> 
     </span>
     <span class='ocr_line' id='line_1_45' title="bbox 245 2511 712 2550; baseline -0.006 -8"><span class='ocrx_word' id='word_1_195' title='bbox 245 2511 368 2542; x_wconf 85' lang='lat' dir='ltr'>laminia</span> <span class='ocrx_word' id='word_1_196' title='bbox 383 2511 558 2550; x_wconf 78' lang='lat' dir='ltr'>imperator.</span> <span class='ocrx_word' id='word_1_197' title='bbox 574 2512 648 2546; x_wconf 84' lang='lat'>185,</span> <span class='ocrx_word' id='word_1_198' title='bbox 660 2512 712 2539; x_wconf 88' lang='lat'>14.</span> 
     </span>
    </p>

    <p class='ocr_par' dir='ltr' id='par_1_30' title="bbox 205 2551 905 2670">
     <span class='ocr_line' id='line_1_46' title="bbox 205 2551 904 2594; baseline -0.006 -9"><span class='ocrx_word' id='word_1_199' title='bbox 205 2555 374 2594; x_wconf 82' lang='lat' dir='ltr'>Eumolpus</span> <span class='ocrx_word' id='word_1_200' title='bbox 388 2553 527 2593; x_wconf 85' lang='lat' dir='ltr'>Neptuni</span> <span class='ocrx_word' id='word_1_201' title='bbox 540 2556 571 2583; x_wconf 90' lang='lat' dir='ltr'>et</span> <span class='ocrx_word' id='word_1_202' title='bbox 585 2553 718 2583; x_wconf 88' lang='lat' dir='ltr'>Chiones</span> <span class='ocrx_word' id='word_1_203' title='bbox 728 2551 819 2582; x_wconf 81' lang='lat' dir='ltr'>filius.</span> <span class='ocrx_word' id='word_1_204' title='bbox 831 2554 904 2587; x_wconf 92' lang='lat'>201,</span> 
     </span>
     <span class='ocr_line' id='line_1_47' title="bbox 245 2594 905 2638; baseline -0.005 -11"><span class='ocrx_word' id='word_1_205' title='bbox 245 2608 315 2638; x_wconf 88' lang='lat' dir='ltr'>pen.</span> <span class='ocrx_word' id='word_1_206' title='bbox 332 2597 399 2638; x_wconf 85' lang='lat' dir='ltr'>ejus</span> <span class='ocrx_word' id='word_1_207' title='bbox 415 2606 483 2626; x_wconf 89' lang='lat' dir='ltr'>cum</span> <span class='ocrx_word' id='word_1_208' title='bbox 494 2596 665 2626; x_wconf 84' lang='lat' dir='ltr'>Thracibus</span> <span class='ocrx_word' id='word_1_209' title='bbox 680 2594 839 2634; x_wconf 83' lang='lat' dir='ltr'>expeditio</span> <span class='ocrx_word' id='word_1_210' title='bbox 851 2596 905 2625; x_wconf 84' lang='lat' dir='ltr'>ad-</span> 
     </span>
     <span class='ocr_line' id='line_1_48' title="bbox 247 2638 516 2670; baseline -0.007 0"><span class='ocrx_word' id='word_1_211' title='bbox 247 2649 356 2670; x_wconf 86' lang='lat' dir='ltr'>versus</span> <span class='ocrx_word' id='word_1_212' title='bbox 371 2638 516 2670; x_wconf 82' lang='lat' dir='ltr'>Atticam.</span> 
     </span>
    </p>

    <p class='ocr_par' dir='ltr' id='par_1_31' title="bbox 206 2683 662 2722">
     <span class='ocr_line' id='line_1_49' title="bbox 206 2683 662 2722; baseline -0.009 -8"><span class='ocrx_word' id='word_1_213' title='bbox 206 2683 370 2722; x_wconf 86' lang='lat' dir='ltr'>Euripides</span> <span class='ocrx_word' id='word_1_214' title='bbox 385 2686 485 2721; x_wconf 86' lang='lat' dir='ltr'>poeta.</span> <span class='ocrx_word' id='word_1_215' title='bbox 502 2683 577 2718; x_wconf 87' lang='lat'>202,</span> <span class='ocrx_word' id='word_1_216' title='bbox 590 2691 662 2721; x_wconf 87' lang='lat' dir='ltr'>pen.</span> 
     </span>
    </p>

    <p class='ocr_par' dir='ltr' id='par_1_32' title="bbox 206 2727 509 2764">
     <span class='ocr_line' id='line_1_50' title="bbox 206 2727 509 2764; baseline -0.007 -8"><span class='ocrx_word' id='word_1_217' title='bbox 206 2727 334 2757; x_wconf 84' lang='lat' dir='ltr'>Hector.</span> <span class='ocrx_word' id='word_1_218' title='bbox 350 2727 423 2761; x_wconf 81' lang='lat'>209,</span> <span class='ocrx_word' id='word_1_219' title='bbox 440 2734 509 2764; x_wconf 85' lang='lat' dir='ltr'>pen.</span> 
     </span>
    </p>
   </div>
   <div class='ocr_carea' id='block_1_13' title="bbox 931 1274 1640 2719">
    <p class='ocr_par' dir='ltr' id='par_1_33' title="bbox 931 1274 1635 1357">
     <span class='ocr_line' id='line_1_51' title="bbox 931 1274 1635 1318; baseline 0.007 -14"><span class='ocrx_word' id='word_1_220' title='bbox 931 1275 1077 1305; x_wconf 85' lang='lat' dir='ltr'>Herculis</span> <span class='ocrx_word' id='word_1_221' title='bbox 1099 1285 1116 1305; x_wconf 92' lang='lat' dir='ltr'>e</span> <span class='ocrx_word' id='word_1_222' title='bbox 1140 1274 1272 1314; x_wconf 85' lang='lat' dir='ltr'>posteris</span> <span class='ocrx_word' id='word_1_223' title='bbox 1295 1276 1420 1317; x_wconf 77' lang='lat' dir='ltr'>sumpti,</span> <span class='ocrx_word' id='word_1_224' title='bbox 1443 1276 1495 1318; x_wconf 88' lang='lat' dir='ltr'>qui</span> <span class='ocrx_word' id='word_1_225' title='bbox 1519 1278 1635 1318; x_wconf 77' lang='lat' dir='ltr'>Spartae</span> 
     </span>
     <span class='ocr_line' id='line_1_52' title="bbox 976 1321 1361 1357; baseline 0.005 -10"><span class='ocrx_word' id='word_1_226' title='bbox 976 1322 1149 1357; x_wconf 78' lang='lat' dir='ltr'>regnarunt.</span> <span class='ocrx_word' id='word_1_227' title='bbox 1174 1321 1247 1355; x_wconf 87' lang='lat'>211,</span> <span class='ocrx_word' id='word_1_228' title='bbox 1264 1321 1315 1349; x_wconf 91' lang='lat'>11.</span> <span class='ocrx_word' id='word_1_229' title='bbox 1358 1338 1361 1341; x_wconf 62' lang='lat'><strong>&gt;</strong></span> 
     </span>
    </p>

    <p class='ocr_par' dir='ltr' id='par_1_34' title="bbox 931 1359 1634 1482">
     <span class='ocr_line' id='line_1_53' title="bbox 931 1359 1634 1402; baseline 0.006 -13"><span class='ocrx_word' id='word_1_230' title='bbox 931 1359 1141 1400; x_wconf 79' lang='lat' dir='ltr'>Hipparchus,</span> <span class='ocrx_word' id='word_1_231' title='bbox 1160 1361 1312 1390; x_wconf 88' lang='lat' dir='ltr'>Timarchi</span> <span class='ocrx_word' id='word_1_232' title='bbox 1338 1360 1427 1398; x_wconf 86' lang='lat' dir='ltr'>filius,</span> <span class='ocrx_word' id='word_1_233' title='bbox 1450 1362 1634 1402; x_wconf 83' lang='lat' dir='ltr'>proditionis</span> 
     </span>
     <span class='ocr_line' id='line_1_54' title="bbox 973 1405 1634 1445; baseline 0.006 -13"><span class='ocrx_word' id='word_1_234' title='bbox 973 1413 1044 1432; x_wconf 81' lang='lat' dir='ltr'>rens</span> <span class='ocrx_word' id='word_1_235' title='bbox 1071 1408 1226 1443; x_wconf 84' lang='lat' dir='ltr'>peractus,</span> <span class='ocrx_word' id='word_1_236' title='bbox 1252 1405 1404 1443; x_wconf 89' lang='lat' dir='ltr'>quomodo</span> <span class='ocrx_word' id='word_1_237' title='bbox 1430 1405 1472 1435; x_wconf 82' lang='lat' dir='ltr'>sit</span> <span class='ocrx_word' id='word_1_238' title='bbox 1495 1406 1634 1445; x_wconf 83' lang='lat' dir='ltr'>punitus.</span> 
     </span>
     <span class='ocr_line' id='line_1_55' title="bbox 973 1447 1113 1482; baseline 0 -6"><span class='ocrx_word' id='word_1_239' title='bbox 973 1447 1047 1482; x_wconf 76' lang='grc'><strong>219,</strong></span> <span class='ocrx_word' id='word_1_240' title='bbox 1065 1449 1113 1477; x_wconf 81' lang='grc'>12.</span> 
     </span>
    </p>

    <p class='ocr_par' dir='ltr' id='par_1_35' title="bbox 931 1489 1243 1524">
     <span class='ocr_line' id='line_1_56' title="bbox 931 1489 1243 1524; baseline 0.003 -6"><span class='ocrx_word' id='word_1_241' title='bbox 931 1489 1098 1519; x_wconf 87' lang='lat' dir='ltr'>Homerus.</span> <span class='ocrx_word' id='word_1_242' title='bbox 1123 1490 1196 1524; x_wconf 86' lang='grc'><strong>209,</strong></span> <span class='ocrx_word' id='word_1_243' title='bbox 1211 1491 1243 1519; x_wconf 88' lang='grc'>7.</span> 
     </span>
    </p>

    <p class='ocr_par' dir='ltr' id='par_1_36' title="bbox 931 1531 1614 1572">
     <span class='ocr_line' id='line_1_57' title="bbox 931 1531 1614 1572; baseline 0.006 -10"><span class='ocrx_word' id='word_1_244' title='bbox 931 1531 1101 1571; x_wconf 87' lang='lat' dir='ltr'>Hyperidis</span> <span class='ocrx_word' id='word_1_245' title='bbox 1116 1531 1303 1570; x_wconf 85' lang='lat' dir='ltr'>psephisma.</span> <span class='ocrx_word' id='word_1_246' title='bbox 1326 1534 1402 1572; x_wconf 77' lang='lat'>164,</span> <span class='ocrx_word' id='word_1_247' title='bbox 1416 1535 1449 1564; x_wconf 86' lang='lat'>4.</span> <span class='ocrx_word' id='word_1_248' title='bbox 1597 1534 1614 1555; x_wconf 89' lang='lat'><strong><em>¹</em></strong></span> 
     </span>
    </p>

    <p class='ocr_par' dir='ltr' id='par_1_37' title="bbox 932 1574 1336 1611">
     <span class='ocr_line' id='line_1_58' title="bbox 932 1574 1336 1611; baseline 0.007 -8"><span class='ocrx_word' id='word_1_249' title='bbox 932 1574 1032 1603; x_wconf 88' lang='lat' dir='ltr'>Irenis</span> <span class='ocrx_word' id='word_1_250' title='bbox 1048 1579 1191 1604; x_wconf 83' lang='lat' dir='ltr'>scortum.</span> <span class='ocrx_word' id='word_1_251' title='bbox 1216 1577 1289 1611; x_wconf 77' lang='lat'>148,</span> <span class='ocrx_word' id='word_1_252' title='bbox 1305 1577 1336 1606; x_wconf 87' lang='lat'>3.</span> 
     </span>
    </p>

    <p class='ocr_par' dir='ltr' id='par_1_38' title="bbox 933 1616 1637 1649">
     <span class='ocr_line' id='line_1_59' title="bbox 933 1616 1637 1649; baseline 0.006 -4"><span class='ocrx_word' id='word_1_253' title='bbox 933 1616 1231 1647; x_wconf 80' lang='lat' dir='ltr'>Lacedaemoniorum</span> <span class='ocrx_word' id='word_1_254' title='bbox 1247 1627 1314 1648; x_wconf 89' lang='lat' dir='ltr'>cum</span> <span class='ocrx_word' id='word_1_255' title='bbox 1330 1618 1497 1649; x_wconf 87' lang='lat' dir='ltr'>Messeniis</span> <span class='ocrx_word' id='word_1_256' title='bbox 1510 1618 1637 1649; x_wconf 89' lang='lat' dir='ltr'>bellum.</span> 
     </span>
    </p>

    <p class='ocr_par' dir='ltr' id='par_1_39' title="bbox 934 1701 1638 1867">
     <span class='ocr_line' id='line_1_60' title="bbox 934 1701 1638 1742; baseline 0.003 -12"><span class='ocrx_word' id='word_1_257' title='bbox 934 1702 1109 1737; x_wconf 83' lang='lat' dir='ltr'>Leocrates,</span> <span class='ocrx_word' id='word_1_258' title='bbox 1131 1701 1161 1731; x_wconf 92' lang='lat' dir='ltr'>iu</span> <span class='ocrx_word' id='word_1_259' title='bbox 1183 1712 1271 1741; x_wconf 90' lang='lat' dir='ltr'>quem</span> <span class='ocrx_word' id='word_1_260' title='bbox 1295 1702 1392 1733; x_wconf 89' lang='lat' dir='ltr'>oratio</span> <span class='ocrx_word' id='word_1_261' title='bbox 1416 1703 1551 1742; x_wconf 82' lang='lat' dir='ltr'>Lycurgi</span> <span class='ocrx_word' id='word_1_262' title='bbox 1573 1707 1638 1733; x_wconf 81' lang='lat' dir='ltr'>tota</span> 
     </span>
     <span class='ocr_line' id='line_1_61' title="bbox 976 1743 1637 1785; baseline 0.005 -12"><span class='ocrx_word' id='word_1_263' title='bbox 976 1743 1140 1780; x_wconf 85' lang='lat' dir='ltr'>invehitur,</span> <span class='ocrx_word' id='word_1_264' title='bbox 1158 1746 1231 1776; x_wconf 82' lang='lat'>135.</span> <span class='ocrx_word' id='word_1_265' title='bbox 1255 1755 1298 1784; x_wconf 92' lang='lat' dir='ltr'>sq.</span> <span class='ocrx_word' id='word_1_266' title='bbox 1321 1751 1408 1785; x_wconf 83' lang='lat' dir='ltr'>pater</span> <span class='ocrx_word' id='word_1_267' title='bbox 1426 1747 1492 1784; x_wconf 88' lang='lat' dir='ltr'>ejus</span> <span class='ocrx_word' id='word_1_268' title='bbox 1514 1745 1570 1776; x_wconf 84' lang='lat' dir='ltr'>fuit</span> <span class='ocrx_word' id='word_1_269' title='bbox 1588 1745 1637 1776; x_wconf 90' lang='lat' dir='ltr'>vir</span> 
     </span>
     <span class='ocr_line' id='line_1_62' title="bbox 976 1787 1637 1826; baseline 0.005 -11"><span class='ocrx_word' id='word_1_270' title='bbox 976 1787 1014 1815; x_wconf 86' lang='lat' dir='ltr'>de</span> <span class='ocrx_word' id='word_1_271' title='bbox 1038 1797 1103 1826; x_wconf 89' lang='lat' dir='ltr'>rep.</span> <span class='ocrx_word' id='word_1_272' title='bbox 1127 1788 1203 1817; x_wconf 89' lang='lat' dir='ltr'>bene</span> <span class='ocrx_word' id='word_1_273' title='bbox 1229 1787 1355 1818; x_wconf 83' lang='lat' dir='ltr'>meritus</span> <span class='ocrx_word' id='word_1_274' title='bbox 1378 1793 1409 1818; x_wconf 89' lang='lat' dir='ltr'>et</span> <span class='ocrx_word' id='word_1_275' title='bbox 1433 1793 1532 1818; x_wconf 87' lang='lat' dir='ltr'>statua</span> <span class='ocrx_word' id='word_1_276' title='bbox 1554 1799 1637 1818; x_wconf 85' lang='lat' dir='ltr'>aenea</span> 
     </span>
     <span class='ocr_line' id='line_1_63' title="bbox 976 1830 1358 1867; baseline 0.008 -9"><span class='ocrx_word' id='word_1_277' title='bbox 976 1830 1200 1860; x_wconf 82' lang='lat' dir='ltr'>cohonestatus.</span> <span class='ocrx_word' id='word_1_278' title='bbox 1216 1832 1290 1867; x_wconf 85' lang='lat'>234,</span> <span class='ocrx_word' id='word_1_279' title='bbox 1309 1833 1358 1861; x_wconf 92' lang='grc'>10.</span> 
     </span>
    </p>

    <p class='ocr_par' dir='ltr' id='par_1_40' title="bbox 934 1871 1265 1912">
     <span class='ocr_line' id='line_1_64' title="bbox 934 1871 1265 1912; baseline 0.009 -11"><span class='ocrx_word' id='word_1_280' title='bbox 934 1871 1083 1911; x_wconf 83' lang='lat' dir='ltr'>Lysicles.</span> <span class='ocrx_word' id='word_1_281' title='bbox 1104 1874 1178 1912; x_wconf 76' lang='lat'>153,</span> <span class='ocrx_word' id='word_1_282' title='bbox 1194 1884 1265 1912; x_wconf 85' lang='lat' dir='ltr'>pen.</span> 
     </span>
    </p>

    <p class='ocr_par' dir='ltr' id='par_1_41' title="bbox 933 1915 1636 1998">
     <span class='ocr_line' id='line_1_65' title="bbox 933 1915 1636 1955; baseline 0.003 -11"><span class='ocrx_word' id='word_1_283' title='bbox 933 1915 1092 1945; x_wconf 82' lang='lat' dir='ltr'>Menelaus</span> <span class='ocrx_word' id='word_1_284' title='bbox 1115 1916 1266 1954; x_wconf 85' lang='lat' dir='ltr'>legatione</span> <span class='ocrx_word' id='word_1_285' title='bbox 1288 1915 1326 1946; x_wconf 85' lang='lat' dir='ltr'>ad</span> <span class='ocrx_word' id='word_1_286' title='bbox 1347 1926 1448 1955; x_wconf 85' lang='lat' dir='ltr'>regem</span> <span class='ocrx_word' id='word_1_287' title='bbox 1472 1917 1636 1947; x_wconf 86' lang='lat' dir='ltr'>Persarum</span> 
     </span>
     <span class='ocr_line' id='line_1_66' title="bbox 976 1958 1254 1998; baseline 0.014 -12"><span class='ocrx_word' id='word_1_288' title='bbox 976 1958 1108 1987; x_wconf 83' lang='lat' dir='ltr'>functus.</span> <span class='ocrx_word' id='word_1_289' title='bbox 1131 1961 1205 1995; x_wconf 85' lang='lat'>154,</span> <span class='ocrx_word' id='word_1_290' title='bbox 1222 1969 1254 1998; x_wconf 79' lang='lat' dir='ltr'>p·</span> 
     </span>
    </p>

    <p class='ocr_par' dir='ltr' id='par_1_42' title="bbox 934 2000 1635 2080">
     <span class='ocr_line' id='line_1_67' title="bbox 934 2000 1635 2031; baseline 0.003 -2"><span class='ocrx_word' id='word_1_291' title='bbox 934 2000 1156 2030; x_wconf 85' lang='lat' dir='ltr'>Messeniorum</span> <span class='ocrx_word' id='word_1_292' title='bbox 1183 2011 1250 2031; x_wconf 86' lang='lat' dir='ltr'>cum</span> <span class='ocrx_word' id='word_1_293' title='bbox 1277 2000 1515 2031; x_wconf 87' lang='lat' dir='ltr'>Lacedaemoniis</span> <span class='ocrx_word' id='word_1_294' title='bbox 1544 2001 1635 2031; x_wconf 87' lang='lat' dir='ltr'>bella.</span> 
     </span>
     <span class='ocr_line' id='line_1_68' title="bbox 977 2045 1096 2080; baseline 0 -7"><span class='ocrx_word' id='word_1_295' title='bbox 977 2045 1096 2080; x_wconf 72' lang='lat'>211,9.</span> 
     </span>
    </p>

    <p class='ocr_par' dir='ltr' id='par_1_43' title="bbox 935 2085 1638 2167">
     <span class='ocr_line' id='line_1_69' title="bbox 935 2085 1638 2125; baseline 0.003 -11"><span class='ocrx_word' id='word_1_296' title='bbox 935 2085 1103 2123; x_wconf 85' lang='lat' dir='ltr'>Pausanias</span> <span class='ocrx_word' id='word_1_297' title='bbox 1127 2096 1179 2115; x_wconf 85' lang='lat' dir='ltr'>rex</span> <span class='ocrx_word' id='word_1_298' title='bbox 1205 2085 1374 2115; x_wconf 85' lang='lat' dir='ltr'>Lacedaem.</span> <span class='ocrx_word' id='word_1_299' title='bbox 1398 2085 1581 2125; x_wconf 89' lang='lat' dir='ltr'>proditionis</span> <span class='ocrx_word' id='word_1_300' title='bbox 1606 2091 1638 2116; x_wconf 89' lang='lat' dir='ltr'>et</span> 
     </span>
     <span class='ocr_line' id='line_1_70' title="bbox 975 2127 1636 2167; baseline 0.003 -11"><span class='ocrx_word' id='word_1_301' title='bbox 975 2127 1123 2157; x_wconf 74' lang='lat' dir='ltr'>affectatae</span> <span class='ocrx_word' id='word_1_302' title='bbox 1136 2128 1304 2167; x_wconf 88' lang='lat' dir='ltr'>tyrannidis</span> <span class='ocrx_word' id='word_1_303' title='bbox 1316 2139 1396 2164; x_wconf 89' lang='lat' dir='ltr'>reus,</span> <span class='ocrx_word' id='word_1_304' title='bbox 1409 2129 1487 2158; x_wconf 84' lang='lat' dir='ltr'>fame</span> <span class='ocrx_word' id='word_1_305' title='bbox 1501 2134 1636 2160; x_wconf 84' lang='lat' dir='ltr'>necatus.</span> 
     </span>
    </p>

    <p class='ocr_par' dir='ltr' id='par_1_44' title="bbox 936 2213 1638 2253">
     <span class='ocr_line' id='line_1_71' title="bbox 936 2213 1638 2253; baseline 0.003 -11"><span class='ocrx_word' id='word_1_306' title='bbox 936 2213 1125 2251; x_wconf 88' lang='lat' dir='ltr'>Phrynichus</span> <span class='ocrx_word' id='word_1_307' title='bbox 1141 2216 1285 2252; x_wconf 87' lang='lat' dir='ltr'>tyrannus</span> <span class='ocrx_word' id='word_1_308' title='bbox 1299 2217 1330 2243; x_wconf 89' lang='lat' dir='ltr'>et</span> <span class='ocrx_word' id='word_1_309' title='bbox 1345 2213 1496 2253; x_wconf 87' lang='lat' dir='ltr'>proditor.</span> <span class='ocrx_word' id='word_1_310' title='bbox 1519 2215 1593 2251; x_wconf 85' lang='grc'><strong>217,</strong></span> <span class='ocrx_word' id='word_1_311' title='bbox 1607 2215 1638 2244; x_wconf 90' lang='lat'>9.</span> 
     </span>
    </p>

    <p class='ocr_par' dir='ltr' id='par_1_45' title="bbox 935 2255 1301 2295">
     <span class='ocr_line' id='line_1_72' title="bbox 935 2255 1301 2295; baseline 0.005 -11"><span class='ocrx_word' id='word_1_312' title='bbox 935 2255 1119 2294; x_wconf 86' lang='lat' dir='ltr'>Phyrkinus.</span> <span class='ocrx_word' id='word_1_313' title='bbox 1142 2258 1215 2292; x_wconf 87' lang='lat'>149,</span> <span class='ocrx_word' id='word_1_314' title='bbox 1232 2266 1301 2295; x_wconf 88' lang='lat' dir='ltr'>pen.</span> 
     </span>
    </p>

    <p class='ocr_par' dir='ltr' id='par_1_46' title="bbox 936 2298 1639 2377">
     <span class='ocr_line' id='line_1_73' title="bbox 936 2298 1639 2339; baseline 0.003 -12"><span class='ocrx_word' id='word_1_315' title='bbox 936 2298 1117 2335; x_wconf 83' lang='lat' dir='ltr'>Praxithea,</span> <span class='ocrx_word' id='word_1_316' title='bbox 1135 2298 1196 2329; x_wconf 86' lang='lat' dir='ltr'>filia</span> <span class='ocrx_word' id='word_1_317' title='bbox 1211 2298 1349 2339; x_wconf 86' lang='lat' dir='ltr'>Cephisi,</span> <span class='ocrx_word' id='word_1_318' title='bbox 1368 2309 1447 2329; x_wconf 79' lang='lat' dir='ltr'>uxor</span> <span class='ocrx_word' id='word_1_319' title='bbox 1464 2299 1639 2330; x_wconf 82' lang='lat' dir='ltr'>Erechthei.</span> 
     </span>
     <span class='ocr_line' id='line_1_74' title="bbox 979 2342 1100 2377; baseline 0 -6"><span class='ocrx_word' id='word_1_320' title='bbox 979 2342 1055 2377; x_wconf 75' lang='lat'>202,</span> <span class='ocrx_word' id='word_1_321' title='bbox 1069 2344 1100 2371; x_wconf 81' lang='grc'>2.</span> 
     </span>
    </p>

    <p class='ocr_par' dir='ltr' id='par_1_47' title="bbox 935 2384 1640 2466">
     <span class='ocr_line' id='line_1_75' title="bbox 935 2384 1640 2424; baseline 0.003 -10"><span class='ocrx_word' id='word_1_322' title='bbox 935 2384 1082 2415; x_wconf 84' lang='lat' dir='ltr'>Thracum</span> <span class='ocrx_word' id='word_1_323' title='bbox 1100 2394 1168 2413; x_wconf 89' lang='lat' dir='ltr'>cum</span> <span class='ocrx_word' id='word_1_324' title='bbox 1185 2385 1336 2424; x_wconf 89' lang='lat' dir='ltr'>Eumolpo</span> <span class='ocrx_word' id='word_1_325' title='bbox 1348 2384 1495 2415; x_wconf 90' lang='lat' dir='ltr'>adversus</span> <span class='ocrx_word' id='word_1_326' title='bbox 1505 2384 1640 2416; x_wconf 81' lang='lat' dir='ltr'>Atticam</span> 
     </span>
     <span class='ocr_line' id='line_1_76' title="bbox 978 2426 1323 2466; baseline 0.006 -10"><span class='ocrx_word' id='word_1_327' title='bbox 978 2426 1152 2466; x_wconf 70' lang='lat' dir='ltr'>expeditio.</span> <span class='ocrx_word' id='word_1_328' title='bbox 1176 2429 1251 2462; x_wconf 87' lang='grc'><strong>201,</strong></span> <span class='ocrx_word' id='word_1_329' title='bbox 1265 2428 1323 2458; x_wconf 88' lang='lat' dir='ltr'>ult.</span> 
     </span>
    </p>

    <p class='ocr_par' dir='ltr' id='par_1_48' title="bbox 936 2468 1639 2547">
     <span class='ocr_line' id='line_1_77' title="bbox 936 2468 1639 2509; baseline 0.004 -11"><span class='ocrx_word' id='word_1_330' title='bbox 936 2468 1156 2508; x_wconf 79' lang='lat' dir='ltr'>Thrasybulus,</span> <span class='ocrx_word' id='word_1_331' title='bbox 1195 2469 1248 2509; x_wconf 91' lang='lat' dir='ltr'>qui</span> <span class='ocrx_word' id='word_1_332' title='bbox 1279 2468 1482 2509; x_wconf 85' lang='lat' dir='ltr'>Phrynichum</span> <span class='ocrx_word' id='word_1_333' title='bbox 1515 2470 1639 2501; x_wconf 84' lang='lat' dir='ltr'>occidit.</span> 
     </span>
     <span class='ocr_line' id='line_1_78' title="bbox 979 2514 1120 2547; baseline -0.014 -5"><span class='ocrx_word' id='word_1_334' title='bbox 979 2514 1054 2547; x_wconf 72' lang='lat'>217,</span> <span class='ocrx_word' id='word_1_335' title='bbox 1070 2514 1120 2542; x_wconf 89' lang='lat'>11.</span> 
     </span>
    </p>

    <p class='ocr_par' dir='ltr' id='par_1_49' title="bbox 936 2553 1507 2592">
     <span class='ocr_line' id='line_1_79' title="bbox 936 2553 1507 2592; baseline 0.005 -9"><span class='ocrx_word' id='word_1_336' title='bbox 936 2553 1132 2584; x_wconf 83' lang='lat' dir='ltr'>Timochares</span> <span class='ocrx_word' id='word_1_337' title='bbox 1146 2554 1363 2585; x_wconf 82' lang='lat' dir='ltr'>Acharnensis.</span> <span class='ocrx_word' id='word_1_338' title='bbox 1389 2556 1461 2592; x_wconf 81' lang='lat'>153,</span> <span class='ocrx_word' id='word_1_339' title='bbox 1476 2557 1507 2586; x_wconf 75' lang='lat'>⁷.</span> 
     </span>
    </p>

    <p class='ocr_par' dir='ltr' id='par_1_50' title="bbox 937 2596 1386 2636">
     <span class='ocr_line' id='line_1_80' title="bbox 937 2596 1386 2636; baseline 0.002 -11"><span class='ocrx_word' id='word_1_340' title='bbox 937 2596 1076 2635; x_wconf 83' lang='lat' dir='ltr'>Triginta</span> <span class='ocrx_word' id='word_1_341' title='bbox 1089 2596 1219 2636; x_wconf 86' lang='lat' dir='ltr'>tyranni.</span> <span class='ocrx_word' id='word_1_342' title='bbox 1242 2600 1317 2635; x_wconf 80' lang='grc'><strong>223,</strong></span> <span class='ocrx_word' id='word_1_343' title='bbox 1333 2601 1386 2628; x_wconf 85' lang='grc'>11.</span> 
     </span>
    </p>

    <p class='ocr_par' dir='ltr' id='par_1_51' title="bbox 937 2638 1254 2677">
     <span class='ocr_line' id='line_1_81' title="bbox 937 2638 1254 2677; baseline 0.009 -9"><span class='ocrx_word' id='word_1_344' title='bbox 937 2638 1087 2677; x_wconf 84' lang='lat' dir='ltr'>Tyrtaeus.</span> <span class='ocrx_word' id='word_1_345' title='bbox 1111 2643 1184 2674; x_wconf 86' lang='lat'>211,</span> <span class='ocrx_word' id='word_1_346' title='bbox 1203 2642 1254 2671; x_wconf 86' lang='lat'>15.</span> 
     </span>
    </p>

    <p class='ocr_par' dir='ltr' id='par_1_52' title="bbox 940 2681 1220 2719">
     <span class='ocr_line' id='line_1_82' title="bbox 940 2681 1220 2719; baseline 0.004 -8"><span class='ocrx_word' id='word_1_347' title='bbox 940 2681 1075 2712; x_wconf 83' lang='lat' dir='ltr'>Xerxes.</span> <span class='ocrx_word' id='word_1_348' title='bbox 1100 2683 1173 2719; x_wconf 88' lang='grc'><strong>185,</strong></span> <span class='ocrx_word' id='word_1_349' title='bbox 1189 2682 1220 2712; x_wconf 88' lang='grc'>5.</span> 
     </span>
    </p>
   </div>
  </div>
 </body>
</html>
