1981 3255
546 570 604 618 A.
662 571 722 618 G.
772 566 1192 617 BECKERI

609 690 1125 746 SUMMARIUM

209 822 538 865 ORATIONIS
571 823 836 865 LYCURGI
869 822 1110 864 CONTRA
1141 820 1525 864 LEOCRATEM.

152 1044 220 1082 DE
236 1044 502 1095 dispositione,
518 1046 596 1085 sive
616 1046 665 1084 de
680 1037 856 1096 'partibus
870 1046 1067 1084 Orationis
1087 1045 1208 1084 civilis
1229 1058 1433 1095 earumque
1450 1051 1583 1083 natura

149 1112 187 1143 et
203 1106 352 1152 ordine,
368 1108 526 1158 copiose
546 1115 583 1146 et
603 1108 717 1146 docte
735 1109 969 1156 disputatum
990 1114 1047 1146 est
1067 1109 1116 1145 ab
1136 1107 1299 1158 antiquis
1321 1107 1584 1145 Rhetoribus.¹

148 1167 295 1205 Omnes
315 1174 439 1206 autem
461 1176 623 1218 poscunt
641 1168 837 1206 exordium
856 1169 1135 1220 (προοίμιον),
1150 1168 1297 1207 aditum
1316 1168 1369 1206 ad
1386 1170 1583 1206 narratio-

148 1240 230 1265 nem
273 1230 618 1282 (προδιήγησιν),
656 1238 695 1268 et
733 1233 992 1268 narrationem
1031 1233 1149 1282 ipsam
1183 1230 1457 1279 (ὃιὴγησιν);
1503 1237 1582 1268 tum

139 1292 466 1340 praeparationem
481 1291 790 1342 confirmationis
805 1298 843 1328 et
862 1292 1189 1342 confirmationem
1210 1292 1448 1328 narrationis
1470 1293 1585 1340 (προ-

147 1355 434 1398 κατασκευὴν
465 1358 502 1390 et
534 1352 798 1402 κεφάλαια);
830 1366 948 1402 porro
967 1353 1240 1404 refutationem
1269 1357 1584 1403 argumentorum

145 1411 357 1450 adversarii
385 1415 533 1460 (λύσιν
562 1421 645 1452 τῶν
672 1413 956 1466 κεφαλαίων);
991 1413 1184 1464 epilogum
1203 1413 1368 1463 denique
1389 1427 1455 1451 seu
1471 1426 1584 1463 pero-

145 1474 334 1511 rationem
370 1475 638 1524 (ἐπίλογον).
695 1477 737 1512 In
771 1475 827 1512 his
861 1475 1016 1524 singulis
1047 1476 1147 1512 viam
1186 1475 1309 1512 solent
1347 1475 1515 1512 indicare
1546 1482 1585 1513 et

146 1535 346 1580 rationem,
373 1549 485 1586 quam
514 1536 662 1586 ingredi
685 1543 723 1573 et
751 1537 928 1586 persequi
956 1536 1113 1581 debent,
1136 1536 1201 1586 qui
1227 1536 1421 1573 auditores
1443 1536 1584 1573 docere

145 1595 204 1632 vel
225 1596 411 1633 delectari
427 1597 597 1646 cupiant,
618 1611 687 1634 nec
708 1610 785 1634 non
806 1597 990 1646 exemplis
1008 1611 1028 1634 e
1050 1596 1202 1646 scriptis
1221 1596 1440 1640 Oratmum,
1461 1597 1525 1647 qui
1547 1597 1583 1633 in

145 1657 239 1694 Arte
259 1657 446 1707 praecipui
468 1658 721 1703 habebantur,
742 1658 1019 1704 demonstrare,
1045 1670 1122 1707 quo
1151 1657 1264 1694 modo
1292 1656 1346 1694 illi
1368 1657 1584 1694 auditorum

144 1721 338 1755 assensum
371 1725 410 1755 et
440 1719 721 1767 persuasionem
753 1718 827 1754 sint
852 1717 1030 1754 assecuti.
1088 1718 1283 1767 Imprimis
1314 1730 1404 1754 vero
1433 1717 1586 1755 uberius

145 1778 334 1816 disserunt
353 1779 400 1816 de
419 1779 711 1828 argumentandi
730 1779 889 1823 ratione,
910 1778 967 1814 vel
987 1779 1033 1814 ad
1057 1777 1361 1815 confirmandum
1382 1792 1447 1816 sua
1466 1778 1588 1828 ipsius

145 1846 380 1889 argumenta,
418 1840 476 1877 vel
508 1841 556 1877 ad
596 1840 842 1878 refellendum
882 1839 1092 1877 sententias
1129 1838 1449 1886 adversariorum,
1485 1839 1586 1877 indi-

145 1909 276 1939 cantes
300 1901 386 1939 loca
416 1903 573 1939 maxime
598 1902 753 1946 idonea,
779 1901 845 1938 ubi
873 1901 958 1938 haec
985 1901 1062 1937 sint
1089 1900 1302 1938 tractanda.
1361 1901 1437 1938 Sed
1470 1913 1588 1950 quum

145 1963 377 2011 experientia
393 1970 431 2000 et
446 1963 598 1999 assidua
615 1959 815 1999 meditatio
835 1962 920 2005 hos,
937 1961 1003 2010 qui
1018 1968 1140 1998 artem
1156 1961 1401 2008 exercebant,
1414 1961 1587 2007 doceret,

148 2035 226 2072 quo
253 2024 368 2059 modo
396 2029 434 2059 et
461 2023 546 2060 loco
575 2022 720 2071 optime
746 2014 956 2058 secundum
986 2034 1110 2059 rerum
1138 2028 1310 2059 naturam
1331 2022 1401 2059 ista
1424 2022 1497 2059 sint
1518 2035 1588 2072 po-

149 2084 290 2128 nenda,
316 2097 391 2120 non
426 2084 539 2120 semel
566 2083 708 2120 factum
737 2089 807 2128 est,
834 2089 877 2119 ut
904 2082 1071 2133 optimus
1098 2083 1262 2132 quisque
1295 2083 1452 2128 Orator,
1486 2083 1590 2121 Artis

149 2151 343 2195 praecepta
369 2145 599 2195 relinquens,
619 2157 727 2181 suum
752 2144 824 2180 sibi
851 2145 1007 2194 eligeret
1027 2144 1212 2181 ordinem.
1269 2144 1385 2188 Quod
1406 2144 1589 2194 imprimis

150 2206 400 2255 conspicuum
429 2212 486 2243 est
514 2206 551 2242 in
583 2205 854 2250 Demosthene,
882 2208 1049 2242 omnium
1083 2205 1273 2256 principe,
1301 2206 1367 2256 qui
1393 2213 1430 2243 et
1458 2204 1589 2243 subtili

150 2268 411 2315 meditatione,
437 2274 476 2305 et
501 2265 711 2304 artificiosa
735 2271 974 2316 repertorum
1000 2266 1270 2313 collocatione,
1290 2267 1403 2317 longe
1425 2273 1589 2305 caeteros

194 2372 202 2390 ¹
221 2370 427 2399 Romanorum
450 2368 534 2399 Artis
562 2369 762 2407 scriptoribus
781 2369 801 2399 i.
824 2380 853 2398 e.
886 2369 1025 2399 omuibus
1051 2369 1231 2399 utilissimus
1259 2375 1306 2400 est
1332 2371 1473 2411 scriptor,
1496 2382 1590 2411 quan-

151 2412 298 2443 Cicerone
323 2418 353 2442 et
378 2412 565 2450 Quintiliano
589 2412 618 2441 in
644 2412 702 2447 his,
725 2422 791 2450 quae
815 2412 853 2441 ad
888 2422 974 2451 quam
992 2413 1022 2440 in
1039 2423 1074 2442 eo
1090 2413 1211 2442 inferior
1227 2418 1274 2442 est
1290 2414 1490 2453 Philosopho,
1508 2417 1589 2454 quod

153 2461 246 2485 artem
264 2456 423 2484 oratoriam
444 2454 587 2484 Veterum
611 2459 759 2493 spectant,
774 2455 853 2493 diju-
887 2455 918 2483 in
956 2455 1130 2485 notionibus
1166 2455 1346 2486 definiendis
1387 2467 1468 2495 saepe
1511 2457 1590 2487 infe-

154 2498 413 2533 dicandis‚110die
437 2498 525 2527 unice
547 2498 610 2527 sere
634 2503 768 2532 utuntur,
784 2509 855 2537 neg·
890 2497 990 2527 liciter
1011 2504 1092 2536 agat,
1118 2508 1174 2527 nec
1188 2497 1305 2537 formas
1330 2499 1489 2535 Orationis,
1514 2510 1590 2539 quas

155 2541 244 2570 lectis
276 2540 384 2578 magis,
410 2551 499 2580 quam
532 2551 586 2580 par
620 2545 695 2574 erat,
723 2541 856 2570 fontibus
891 2540 1036 2579 appellat,
1063 2540 1103 2570 ita
1131 2547 1280 2578 secernat,
1302 2547 1333 2572 ut
1359 2543 1396 2572 ab
1421 2543 1489 2572 aliis
1516 2543 1590 2572 satis

159 2583 291 2613 Graecis:
321 2584 498 2619 Aristotele,
516 2589 544 2612 et
562 2587 685 2621 propter
697 2588 815 2612 aetatem
828 2588 856 2613 et
892 2583 1029 2621 dignosci
1052 2583 1187 2621 possint3
1224 2584 1294 2623 quin
1322 2585 1472 2615 interdum
1499 2585 1589 2614 etiam

161 2632 284 2665 propter
297 2627 492 2656 subtilitatem
503 2626 531 2655 in
541 2626 712 2655 deliniendo
727 2627 857 2655 omnium
893 2626 1056 2655 lectoribus
1073 2626 1221 2664 relinquat
1237 2637 1359 2666 operam
1374 2628 1505 2657 notionis
1519 2637 1590 2657 con-

159 2669 310 2707 principe,
327 2674 388 2698 tum
412 2669 561 2707 Dionysio
586 2669 858 2704 Halicanmssensi,
893 2669 1063 2698 stituendae.
1091 2668 1193 2698 Nihilo
1209 2670 1306 2699 secius
1321 2671 1516 2708 dignissimus
1531 2675 1589 2705 est,

161 2711 513 2747 AristideAEet-mogene
525 2711 704 2750 caeterisque
722 2711 857 2740 Rhetori-
893 2711 943 2749 qui
967 2721 984 2740 a
1006 2710 1150 2740 studiosis
1168 2712 1251 2741 Artis
1268 2718 1298 2741 et
1320 2713 1491 2751 legentibus
1512 2713 1590 2742 Ora-

162 2752 219 2781 bus
244 2754 366 2783 serioris
388 2755 497 2783 aetatis.
546 2756 720 2783 Postremus
745 2765 859 2789 eorum,
894 2759 976 2782 tores
992 2755 1118 2782 Graecos
1133 2772 1175 2777 -—
1189 2765 1255 2784 nam
1274 2756 1328 2784 hos
1345 2756 1433 2785 modo
1451 2760 1590 2793 tanquam

163 2804 239 2832 quos
269 2796 499 2831 nominavimus,
528 2797 712 2826 Rlietoricen
739 2798 858 2826 Aristo·
894 2797 1021 2825 Graecus
1040 2802 1204 2826 tractat—
1220 2798 1395 2826 evolvatur:
1420 2797 1457 2826 ad
1479 2795 1590 2826 intelli-

163 2837 233 2865 telis·
253 2836 285 2866 'in
312 2838 434 2867 formam
462 2839 536 2868 artis
558 2840 686 2877 redegit,
713 2840 860 2874 excoluit,
894 2839 1021 2877 gentiam
1038 2839 1114 2868 enim
1131 2841 1213 2869 Artis
1224 2845 1254 2869 et
1269 2840 1394 2869 istorum
1407 2838 1590 2877 scriptorum

163 2880 313 2917 exemplis
336 2880 467 2920 denique
491 2893 674 2912 summorum
698 2883 857 2912 Oratorum
894 2883 962 2920 plus
974 2883 1208 2922 prodest,quarn
1221 2883 1411 2916 Scholiastae,
1424 2881 1475 2920 qui
1491 2889 1590 2910 caecn-

163 2921 301 2957 Graeciae,
325 2922 387 2960 qui,
414 2923 486 2953 dum
519 2925 637 2955 viveret.
667 2925 860 2961 Aristoteles,
892 2925 1002 2956 tientes
1017 2926 1056 2955 de
1071 2925 1117 2956 his
1132 2925 1289 2965 disputare
1306 2924 1413 2954 solent.

163 2965 307 2995 Oratione
326 2965 527 3003 excellebant,
541 2967 715 2998 illustravit.
759 2969 795 2998 In
810 2967 859 2997 his
