1981 3255
622 521 1129 577 LYCURGI

293 655 774 698 ORATIONUM
826 650 1463 697 DEPERDITARUM

300 760 305 765 ’
371 771 691 820 NOTITIA
742 771 831 818 ET
881 767 1375 818 FRAGMENTA.

815 911 941 918 ———-

572 1005 630 1034 Ex
656 1004 872 1035 EDITIONE
895 1005 933 1035 A.
949 1005 986 1034 G.
1002 1003 1189 1034 BECKER.

162 1079 225 1129 *ff
257 1079 452 1117 PMMUM
474 1093 492 1117 a
517 1080 689 1118 Meursio
709 1080 827 1118 Attic.
850 1081 973 1118 Lectt.
995 1080 1071 1116 III.
1092 1084 1128 1117 5.
1149 1079 1186 1115 in
1209 1077 1450 1115 Bibliotheca
1470 1075 1602 1113 Attica

160 1140 215 1189 (in
237 1139 433 1178 Thesauro
454 1141 646 1190 Antiquit.
669 1141 842 1180 Gronov.
869 1141 956 1179 Vol.
984 1141 1067 1188 X.)‚
1087 1140 1229 1178 deinde
1251 1153 1273 1176 a
1293 1140 1328 1177 J.
1349 1139 1397 1175 A.
1425 1136 1602 1174 Fabricio

163 1200 348 1238 Biblioth.
369 1201 440 1238 Gr.
464 1202 506 1239 L.
530 1201 582 1238 ΙΙ.
605 1215 638 1239 c.
659 1206 723 1239 26.
745 1215 784 1251 p.
806 1206 901 1241 916.
928 1202 1095 1252 Lycurgi
1115 1200 1342 1239 Orationum
1364 1199 1479 1244 tituli,
1507 1210 1605 1247 quos

162 1260 333 1298 laudavit
352 1262 571 1311 antiquitas,
593 1270 680 1300 sunt
695 1263 849 1300 collecti
865 1270 901 1300 et
917 1264 954 1300 in
973 1264 1146 1300 ordinem
1166 1262 1334 1306 redacti;
1357 1274 1472 1311 quem
1488 1260 1605 1297 Cata-

165 1322 295 1371 logum
323 1323 404 1361 sine
433 1324 509 1362 ulla
531 1324 801 1362 emendatione
827 1324 1107 1362 recentioribus
1134 1323 1362 1374 quibusdam
1384 1322 1607 1359 Leocrateae

165 1384 378 1422 editoribus
407 1386 662 1423 transcribere
689 1385 851 1436 placuit.
907 1382 984 1423 Sed
1011 1398 1129 1436 quum
1160 1385 1342 1422 nonnulla
1369 1383 1418 1420 ab
1445 1382 1503 1420 his
1522 1381 1611 1419 viris

167 1446 398 1484 doctissimis
430 1448 649 1497 conscripta
682 1448 828 1485 recenti
863 1447 1107 1497 subjicienda
1138 1447 1359 1485 viderentur
1391 1443 1610 1496 quaestioni,

168 1507 297 1556 paullo
318 1507 473 1545 uberius
494 1508 542 1545 de
563 1508 621 1545 his
648 1509 833 1546 disserere
854 1509 971 1546 visum
992 1515 1062 1546 est.
1118 1508 1379 1552 Quamobrem
1402 1505 1609 1556 pleniorem

170 1568 398 1610 Orationum
414 1569 713 1618 deperditarum,
732 1582 826 1618 quas
841 1570 1049 1620 antiquitas
1067 1576 1248 1619 tanquam
1265 1570 1483 1619 Lycur-geas
1497 1578 1612 1616 agno-

171 1630 402 1674 vit,confeci
422 1631 611 1678 indicem3
633 1638 778 1678 notato,
796 1631 860 1668 ubi
883 1631 964 1669 fieri
985 1638 1150 1682 poterat,
1172 1630 1371 1668 Orationis
1387 1634 1611 1678 argumento

170 1697 208 1727 et
231 1696 415 1741 tempore,
439 1705 516 1741 quo
545 1705 775 1742 unaquaque
801 1693 851 1729 ab
880 1693 1043 1730 Oratore
1072 1692 1296 1742 conscripta
1322 1691 1387 1734 sit;
1418 1698 1499 1727 tum
1528 1690 1614 1726 loca

171 1752 414 1801 scriptorum,
430 1766 516 1803 quae
536 1754 652 1791 verba
668 1754 818 1803 singula
832 1767 895 1791 seu
910 1753 1122 1803 fragmenta
1137 1754 1240 1791 exiis
1255 1759 1450 1790 servarunt
1463 1750 1611 1801 adjeci;

171 1813 338 1863 denique
366 1821 534 1852 veterum
564 1815 785 1852 criticorum
814 1816 946 1853 addidi
975 1829 1188 1860 censuram,
1215 1829 1261 1852 ex
1292 1827 1368 1864 qua
1398 1813 1614 1864 apparebit,

172 1875 374 1912 nonnullas
394 1888 521 1913 earum
538 1875 618 1924 jam
641 1877 809 1926 antiquis
828 1877 983 1914 incertae
1004 1877 1122 1915 fuisse
1137 1876 1390 1914 auctoritatis.
1426 1875 1464 1913 Si
1485 1880 1613 1912 autem

174 1936 296 1974 minor
318 1936 508 1974 videbitur
528 1937 828 1987 fragmentorum
850 1938 963 1988 copia
984 1951 1096 1987 quam
1126 1936 1351 1987 speraveris,
1372 1936 1409 1973 id
1433 1934 1615 1985 temporis

174 1996 324 2045 injuria,
339 2010 451 2046 quam
470 1997 599 2035 multis
616 1999 663 2035 de
680 1999 804 2036 causis
821 1999 857 2035 in
873 1999 1017 2036 Nostro
1034 1998 1272 2048 potissimum
1289 1997 1486 2034 nobiscum
1506 1995 1615 2033 multi

174 2067 399 2107 querentur,
427 2058 570 2096 factum
599 2072 680 2097 esse
700 2060 924 2110 judicabis:
956 2068 1080 2097 tamen
1106 2066 1303 2109 utcunque
1331 2061 1395 2103 sit,
1419 2059 1515 2096 hanc
1536 2059 1614 2096 fra-

173 2126 412 2170 gmentorum
441 2120 708 2158 collectionem
738 2122 928 2171 plerisque
955 2129 1102 2171 gratum
1129 2128 1410 2171 acceptumque
1431 2120 1493 2158 ed.
1518 2122 1613 2159 Leo-

173 2189 313 2219 crateae
340 2182 657 2229 additamentum,
679 2184 729 2221 ab
755 2184 837 2221 aliis
861 2184 1070 2233 aliquando
1091 2183 1420 2234 locupletandum,
1441 2182 1611 2222 futurum

172 2258 255 2281 esse
281 2244 468 2289 existimo,
490 2245 593 2295 quod
621 2245 774 2293 quidem
804 2245 840 2282 in
873 2245 1024 2283 caeteris
1046 2245 1253 2283 Oratorum
1285 2244 1499 2281 Atticorum
1531 2245 1612 2282 edi-

175 2307 352 2353 tionibus,
368 2314 532 2358 excepto
552 2308 679 2358 Lysia,
699 2321 800 2357 aegre
819 2308 945 2346 adhuc
967 2308 1222 2345 desideratur.
1280 2307 1380 2345 Huic
1403 2307 1499 2345 enim
1519 2309 1612 2345 scri-

172 2369 272 2419 ptori
288 2370 571 2420 elegantissimo
590 2371 720 2420 (cnjus
740 2371 829 2409 Orr.
843 2371 985 2408 limatae
1006 2377 1045 2408 et
1065 2383 1222 2408 numero
1240 2371 1382 2420 plures,
1399 2370 1611 2420 saepissime

173 2445 193 2469 a
214 2431 446 2470 Rhetoribus
469 2432 623 2470 Criticis
650 2440 687 2470 et
710 2432 1009 2482 Lexicographis
1030 2432 1196 2469 laudatae
1223 2437 1262 2469 et
1282 2438 1473 2481 excerptae
1494 2432 1611 2480 sunt),

174 2493 261 2530 olim
285 2494 315 2530 I.
337 2494 536 2544 Taylorus,
557 2494 764 2543 sospitator
789 2494 852 2531 ille
874 2494 1080 2531 Oratorum
1109 2494 1353 2538 Graecorum,
1378 2494 1553 2540 eandem,
1572 2498 1610 2530 et

177 2555 274 2592 haud
297 2556 377 2592 scio
398 2554 584 2604 majoriae
606 2555 781 2592 doctrina
802 2568 848 2592 an
870 2554 1037 2601 fortuna,
1057 2567 1213 2604 operam
1235 2554 1398 2593 navavit.

871 2658 916 2693 A.

571 2743 606 2780 K
614 2743 692 2780 AT’
720 2741 1189 2781 ΑΡΙΣΤΟΓΕΙΤΟΝΟΣ.

235 2825 363 2870 Actio,
393 2839 506 2876 quam
536 2835 668 2865 contra
700 2827 1004 2878 Aristogitonem
1032 2828 1195 2866 instituit
1218 2829 1418 2878 Lycurgus
1446 2825 1609 2862 subscri·
1648 2852 1650 2855 ψ

178 2887 290 2923 bente
312 2886 587 2934 Demosthene,
614 2889 666 2927 ita
697 2896 738 2926 ut
767 2889 830 2926 ille
862 2889 964 2939 prior
996 2889 1056 2926 hic
1084 2890 1272 2939 posterior
1300 2894 1507 2938 peroraret,
1537 2885 1610 2922 fuit

175 2947 334 2994 ἔνδειξις,
355 2949 426 2986 etsi
453 2949 678 2987 Plutarchus
701 2963 734 2989 v.
760 2951 850 2999 Lyc.
872 2963 910 3000 p.
931 2954 1020 2989 843.
1045 2950 1096 2987 D.
1124 2952 1315 2994 εὐθύνην
1342 2943 1465 2985 voc'at.
1490 2946 1610 2984 falso.
