1981 3255
318 217 399 258 558
710 218 992 260 FIORILLO
1027 220 1355 263 PRAEFATIO.

315 331 490 381 pharum,
511 332 934 384 numerosissimamque
960 335 1094 372 florum
1115 336 1333 374 varietatem
1361 336 1640 387 elegantissime
1671 338 1737 375 de-

313 392 478 442 scripsit.
547 391 626 430 Cur
663 394 842 444 denique,
875 395 904 432 si
940 394 1013 432 hoc
1042 396 1153 433 etiam
1187 403 1448 447 argumentum
1485 397 1577 435 nihil
1613 399 1737 437 valere

313 452 451 491 dixerit
471 453 620 504 aliquis,
648 467 784 493 nomen
806 455 994 506 Marcelli,
1015 456 1051 492 in
1072 456 1240 505 genitivo
1268 458 1437 508 positum
1463 459 1500 496 in
1532 459 1656 497 fronte
1674 460 1738 496 In-

312 514 544 564 scriptionis‚
566 515 597 553 si
617 528 691 554 non
711 515 887 566 indigitat
911 518 1135 555 auctor-emt
1192 518 1473 568 Epigrammata
1493 519 1737 570 Anthologiae

301 576 466 613 ‘Graecae
495 582 536 614 et
557 577 701 614 Latinae
724 577 931 622 innumera,
952 576 1104 614 nomina
1125 577 1334 627 praeferunt
1353 586 1564 625 auctorum,
1583 581 1696 625 unde,
1716 592 1738 617 a

312 648 390 684 quo
408 637 549 687 scripta
567 643 667 683 sunt,
697 636 857 687 intelligi
889 637 1000 686 plane
1029 633 1159 687 potest
1187 644 1226 675 et
1255 641 1446 688 cognosci.
1503 640 1586 678 Nec
1615 641 1738 678 inIn-

311 698 581 747 scriptionibus
602 699 675 736 hoc
694 698 927 748 infrequens.
947 702 998 749 (v.
1017 697 1212 745 Pockoke,
1233 699 1477 751 Description
1497 702 1542 739 of
1551 703 1616 740 the
1632 703 1738 748 East,

311 770 352 808 p.
367 762 457 804 133,
475 763 565 797 104.
579 765 617 796 et
629 759 770 808 Toupii
790 758 1011 797 Emendatt.
1046 759 1084 796 in
1098 759 1207 797 Suid.
1226 761 1273 797 T.
1292 761 1366 797 III.
1389 774 1427 811 p.
1443 764 1524 808 46.)
1553 763 1738 800 Marcello

311 831 388 856 non
408 819 623 856 dedicatum
657 832 738 857 esse
768 832 936 865 carmen,
959 821 1219 870 unusquisque
1239 821 1428 871 intelligit,
1456 828 1495 859 et
1522 823 1551 860 si
1582 822 1736 860 dedica-

311 884 404 924 tum,
424 892 492 917 cur
509 880 610 917 nulla
630 880 806 918 Marcelli
825 881 862 918 in
882 881 965 931 ipso
984 881 1148 920 carmine
1168 882 1309 919 mentio
1333 881 1476 931 injecta
1494 884 1581 921 est‘l

363 943 490 980 Pauca
509 943 590 980 haec
610 942 721 980 nobis
750 951 973 994 argumenta
1001 944 1039 982 in
1070 951 1235 982 mentem
1255 957 1404 990 venere,
1424 945 1508 991 alia,
1528 947 1592 983 cui
1612 946 1736 995 majus

309 1003 577 1053 est.ingenium
596 1004 678 1054 ipse
696 1004 983 1042 animadvertet.
1040 1006 1084 1042 In
1101 1005 1506 1043 Animadversionibus
1525 1006 1584 1056 egi
1603 1006 1657 1053 id,
1678 1013 1733 1051 ut,

309 1077 552 1114 quaecunque
576 1065 625 1102 ad
656 1065 941 1115 intelligentiam
962 1066 1166 1104 carminum
1195 1066 1320 1105 facere
1339 1066 1579 1113 videbantur,
1603 1080 1733 1105 eorum

307 1125 636 1175 praetermitterem
672 1125 777 1163 nihil.
847 1126 1040 1164 Venerunt
1076 1139 1231 1177 quoque
1268 1127 1306 1164 in
1344 1134 1505 1165 mentem
1543 1127 1733 1165 nonnullae

308 1185 589 1223 emendationes
619 1186 777 1224 aliorum
796 1193 1011 1237 poetarum,
1032 1200 1128 1237 quas
1155 1188 1185 1225 si
1217 1188 1468 1238 adsperserim
1497 1189 1636 1226 nostris
1661 1189 1732 1227 ob-

308 1246 597 1293 servationibus,
616 1247 794 1285 Virorum
813 1248 1015 1286 doctorum
1035 1248 1309 1287 humanitatem
1329 1262 1403 1287 non
1431 1262 1530 1299 aegre
1564 1250 1602 1287 id
1634 1249 1732 1287 latu-

308 1320 385 1344 ram
404 1320 499 1354 esse,
519 1308 612 1345 mihi
631 1309 815 1358 persuasi.
872 1309 974 1346 Dedi
1000 1309 1160 1347 fortasse
1193 1310 1433 1348 occasionem
1463 1311 1546 1348 aliis
1575 1310 1732 1349 meliora

307 1368 525 1418 proferendi
555 1376 594 1407 et
624 1369 785 1407 veriora.
843 1370 1010 1408 Omnino
1043 1383 1100 1407 me
1139 1371 1248 1408 trado
1282 1371 1458 1409 Virorum
1495 1373 1731 1410 eruditorum

307 1429 600 1476 benevolentiae,
633 1443 745 1481 quam
776 1431 983 1481 promereri
1019 1443 1164 1468 summo
1211 1431 1338 1468 studio
1385 1433 1566 1470 conabor.
1623 1433 1732 1470 Laeto

309 1503 458 1540 semper
485 1490 610 1528 animo
641 1492 678 1528 in
706 1492 779 1529 hoc
811 1491 937 1529 studio
968 1505 1137 1541 pergam,
1159 1491 1326 1529 favorem
1347 1492 1546 1530 doctorum
1570 1493 1730 1530 virorum

307 1546 499 1600 expertuS‚
521 1564 681 1600 quorum
714 1552 920 1589 sententias
948 1552 1187 1589 humaniores
1220 1566 1333 1602 aequo
1364 1554 1491 1591 animo
1524 1554 1656 1592 audire
1687 1566 1732 1592 ac

307 1610 405 1648 serre
425 1610 556 1648 didici.
