1981 3255
335 219 416 256 572
866 214 943 255 DE
975 215 1225 257 HERODE

337 328 496 366 lectus.’'
552 328 599 364 In
631 325 976 364 Observationibus
995 328 1043 364 ad
1069 329 1287 367 Secundam
1314 330 1618 380 Inscriptionem,
1637 330 1761 368 initio:

339 390 524 426 “Illustre
560 401 649 424 sane
682 394 881 435 utrumque
910 389 1108 426 vetustatis
1142 396 1443 428 mouumentum.
1518 390 1600 427 Nec
1632 402 1766 439 parum

337 450 509 487 interfuit
530 449 752 498 reipublicae
773 449 981 492 litterariae,
1001 456 1203 499 utrumque
1223 451 1269 487 ad
1293 464 1359 488 nos
1380 452 1519 489 salvum
1538 452 1765 501 pervenisse,

338 524 423 548 cum
452 517 610 560 propter
635 521 807 546 versuum
838 509 1077 558 elegantiam,
1099 517 1176 547 tum
1206 512 1406 549 multarum
1435 525 1559 550 rerum
1580 511 1767 552 notitiam.

339 585 425 622 quae
458 571 609 620 aliunde
636 571 723 607 sciri
750 583 825 606 nou
856 576 1049 621 poterant.
1107 570 1283 621 Debetur
1314 580 1438 611 autem
1472 573 1555 610 liaec
1583 573 1767 623 ἐπιγραφὴ

338 633 559 671 doctissimo
580 633 672 670 Viro
694 632 836 669 Iacobo
856 631 1078 678 Sirmondo,
1097 624 1163 682 qui
1178 646 1259 670 eam
1277 635 1397 672 Roma
1415 636 1556 682 attulit,
1576 635 1624 673 ad
1644 636 1768 685 ipsum

341 696 503 733 marmor
523 709 544 733 a
563 708 602 732 se
623 692 883 743 discriptam?

391 757 677 793 BERNARDUS
710 755 1062 799 MONTFAUCON,
1092 754 1391 805 Palaeographiae
1413 758 1566 794 Graecae
1587 757 1671 794 Lib.
1694 756 1769 793 ΙΙΙ.

305 834 307 836 ·
339 829 427 868 pag.
446 821 537 854 140.
557 816 618 852 ed.
640 815 762 852 Paris.
788 819 897 855 1708.
917 815 963 853 f.:
1009 815 1139 853 “Erat
1157 816 1255 853 enim
1276 817 1364 853 villa
1388 817 1546 867 Triopia
1569 816 1699 855 multis
1720 817 1772 854 in-

338 877 610 927 scriptionibus
647 876 862 922 nobilitata,
889 889 936 913 ex
966 876 1106 925 quibus
1137 889 1212 914 non
1242 890 1375 926 paucae
1393 884 1613 928 supersunt,
1634 889 1771 927 nempe

339 938 494 987 insignis
514 937 591 981 illa,
609 950 695 986 quae
714 937 829 974 hodie
849 937 886 973 in
899 936 1000 973 Villa
1021 937 1256 987 Burghesina
1276 939 1421 985 visitur,
1439 939 1599 977 eruditis
1620 937 1773 976 Claudii

340 1000 515 1038 Salmasii
533 998 869 1037 exercitationibus
889 998 1089 1044 illustrata,
1107 1006 1144 1036 et
1173 1012 1194 1037 a
1213 1000 1359 1038 Iacobo
1378 1001 1538 1050 Spouio,
1558 1001 1597 1038 in
1616 999 1773 1038 Miscel-

340 1061 470 1108 laneis,
495 1061 623 1098 denuo
638 1059 768 1098 cusa.'’

394 1122 692 1167 FABRETTus‚
715 1120 966 1171 Inscription.
985 1120 1081 1170 Cap.
1102 1120 1151 1158 V.
1172 1134 1198 1158 n
1219 1125 1308 1159 355.
1364 1125 1391 1142 “
1408 1121 1692 1161 Celeberrimus
1712 1123 1774 1161 ille
1820 1130 1822 1137 '

340 1182 437 1232 lapis
465 1184 661 1233 sexaginta
685 1182 867 1219 linearum
887 1181 1108 1229 (secundam
1138 1181 1314 1231 intelligit
1339 1182 1554 1233 Inscript.),
1586 1183 1625 1220 in
1656 1183 1774 1222 hortis

341 1243 480 1281 Pinciis
502 1243 723 1293 Burghesiis
741 1242 994 1281 asservatus.''’

391 1304 485 1342 Haec
506 1312 593 1342 suut
624 1305 800 1342 Virorum
832 1304 1034 1340 doctorum
1066 1303 1312 1350 Testimonia,
1339 1317 1360 1342 a
1378 1304 1579 1342 Viscontio
1605 1304 1773 1342 laudata.

340 1366 452 1403 Adde
474 1365 629 1403 selden.
649 1365 697 1402 de
725 1365 922 1415 Synedriis
943 1364 1143 1402 Hebraeor.
1166 1363 1248 1401 Lib.
1270 1364 1342 1402 111.
1364 1377 1399 1402 c.
1420 1367 1483 1402 13.
1503 1377 1541 1414 p.
1562 1368 1652 1403 269.
1694 1365 1773 1402 Ru-

339 1427 438 1475 perti
470 1427 622 1476 epistol.
642 1426 689 1462 ad
713 1426 864 1462 Reines.
895 1438 933 1476 p.
962 1429 1052 1463 305.
1083 1425 1230 1462 Velseri
1249 1426 1403 1475 epistol.
1423 1429 1486 1463 34.
1515 1429 1580 1464 35.
1609 1425 1657 1464 ad
1678 1426 1773 1464 Hoe-

339 1486 537 1524 schelium.
581 1486 762 1537 Buriguy,
783 1486 989 1525 Memoires
1006 1498 1071 1522 sur
1089 1485 1125 1523 la
1146 1488 1207 1523 vie
1227 1486 1444 1527 d'Herodes
1459 1486 1629 1525 Atticus.
1672 1487 1774 1525 Aca-

339 1546 462 1586 demie
482 1547 550 1584 des
571 1548 822 1596 Inscriptious
843 1553 917 1585 etc.
937 1546 985 1585 T.
1007 1546 1140 1584 XXX.
1162 1558 1200 1596 p.
1220 1550 1369 1586 1—25.
1384 1553 1458 1586 etc.
