1981 3255
331 212 412 251 570
861 214 941 256 DE
974 215 1227 257 HERODE

332 334 557 384 principem,
579 335 757 384 juvandis
789 336 928 374 litteris
960 338 1213 385 ornandisque
1243 337 1386 375 artibus
1414 342 1554 383 natum,
1586 337 1760 375 Marcum

331 396 541 433 Antonium
575 396 782 448 Borghese,
811 398 877 447 qui
907 398 1089 448 templum
1113 399 1229 448 jussit
1249 398 1552 449 splendidissime
1578 397 1762 436 aedificari

331 457 377 494 ad
396 458 548 494 modum
563 458 675 502 illius,
692 458 794 508 quod
813 459 987 496 Herodes
1003 460 1091 496 olim
1107 461 1237 497 Cereri
1250 466 1287 496 et
1309 460 1494 496 Faustinae
1511 465 1760 497 exstruxerat.

333 519 459 568 Hujus
480 519 516 556 in
537 519 668 570 templi
690 520 807 557 limite
828 533 1013 557 marmora
1036 520 1118 562 ista,
1140 520 1288 557 duabus
1309 522 1383 557 aris
1404 521 1564 565 inclusa,
1585 521 1762 569 binisque

330 579 617 630 inscriptionum
634 581 870 618 versionibus
882 582 1062 627 metriciS,
1079 581 1214 618 Latina
1230 580 1401 618 Salmasii
1413 588 1452 619 et
1465 582 1636 619 Visconti
1652 582 1763 628 Itala,

332 640 532 685 instructa,
555 641 858 690 conspiciuntur.

385 701 485 738 Satis
502 701 549 738 de
570 708 792 750 argumento
812 709 850 739 et
870 702 1028 740 historia
1042 702 1348 752 inscriptionum:
1380 710 1510 748 restat,
1528 711 1568 740 ut
1587 703 1762 753 quaedam

331 763 557 812 adjiciamus
578 764 626 800 de
646 764 790 801 illarum
813 772 981 802 auctore.
1039 767 1096 802 Ac
1115 765 1210 802 duas
1234 765 1385 814 quidem
1405 766 1561 815 prioreS,
1583 779 1678 815 quas
1699 779 1761 804 uo.

332 824 363 861 I.
382 831 420 861 et
441 825 492 862 ΙΙ.
513 824 634 873 attigi,
657 837 790 874 parum
816 825 929 863 refert
951 826 1061 871 scire,
1094 826 1269 863 Herodes
1292 826 1427 863 fecerit
1453 839 1500 863 an
1529 826 1638 864 alius,
1696 827 1763 865 In-

329 885 492 934 scriptio
513 884 743 935 praediorun
773 887 919 924 Anniae
943 886 1110 937 Regillae
1134 886 1274 924 dubito
1301 887 1471 933 omnino,
1491 900 1539 924 an
1571 899 1593 924 a
1619 888 1761 925 Graeco

329 945 482 983 homine
519 946 694 995 profecta
728 946 788 984 sit.
845 948 922 985 Sed
961 948 1111 997 gravior
1140 954 1197 985 est
1229 947 1275 985 de
1304 948 1504 998 postremis
1539 944 1762 1000 ἐνὲιγραφαῖς

327 1006 504 1055 quaestio,
525 1015 564 1045 et
587 1008 752 1058 propriae
773 1021 890 1046 curae.
948 1009 1091 1046 Verum
1116 1010 1198 1046 haec
1220 1010 1381 1058 quaestio
1401 1009 1580 1060 quoniam
1604 1010 1665 1047 hic
1686 1010 1764 1048 dis-

324 1068 470 1117 ceptari
489 1081 566 1106 non
586 1075 727 1119 potest,
748 1069 1102 1120 disceptabiturque
1123 1083 1143 1107 a
1165 1070 1276 1107 nobis
1306 1069 1380 1107 alio
1398 1071 1500 1115 loco,
1527 1070 1640 1108 liceat
1659 1071 1697 1108 in
1717 1084 1764 1108 eo

322 1129 582 1177 acquiescere,
599 1135 653 1175 ut,
674 1142 788 1179 quam
807 1143 929 1180 nuper
948 1131 1224 1168 eruditissimus
1241 1131 1415 1168 Visconti
1431 1131 1659 1168 senteutiam
1678 1144 1766 1182 pro-

321 1189 453 1237 posuit
484 1182 797 1241 argumentisque
827 1191 1020 1241 ingeniose
1051 1192 1222 1237 munivit,
1251 1191 1416 1229 breviter
1450 1191 1669 1230 referamus.
1725 1192 1763 1229 Is

322 1250 499 1288 nimirum
524 1258 634 1302 urget
653 1252 851 1302 praefixum
879 1253 1020 1291 ultimae
1041 1253 1280 1304 inscriptioni
1311 1266 1447 1290 nomen
1468 1253 1703 1304 Μαρκέλλου,
1724 1251 1763 1290 in

324 1324 400 1360 quo
421 1312 654 1362 explicando
673 1321 710 1351 et
727 1314 893 1351 editores
913 1315 1103 1359 carminis,
1126 1321 1164 1351 et
1184 1314 1433 1363 Spanhemius
1452 1314 1515 1360 (ad
1539 1313 1763 1351 Callimachi

323 1371 375 1408 H.
396 1371 432 1408 iu
453 1372 631 1411 Cererem
653 1387 688 1410 v.
710 1377 791 1419 30.)
811 1387 964 1424 operam
985 1375 1125 1412 frustra
1152 1379 1482 1423 consumpserunt.
1540 1374 1764 1424 Suspicatur

322 1431 512 1479 Visconti‚
533 1433 598 1470 illo
624 1434 775 1472 nomine
797 1441 837 1472 ut
854 1436 942 1472 alibi
967 1437 1019 1484 (v.
1041 1435 1223 1472 Pockoke
1244 1435 1428 1483 descript.
1451 1434 1497 1471 of
1517 1434 1581 1471 the
1601 1437 1703 1482 East,
1723 1448 1763 1486 p.

324 1496 412 1530 103.
431 1497 521 1530 104.
543 1500 582 1531 et
601 1494 747 1544 Toupii
767 1495 985 1533 Emendatt.
1009 1496 1044 1531 in
1068 1496 1176 1532 Suid.
1197 1495 1308 1532 Tom.
1333 1494 1407 1531 ΙΙΙ.
1429 1507 1517 1544 pag.
1537 1497 1633 1542 46.)‚
1653 1495 1706 1532 sic
1725 1501 1764 1533 et

321 1553 397 1600 hic,
413 1546 673 1604 inscriptionis
698 1556 859 1594 indicari
881 1564 1092 1600 auctorem,
1115 1555 1180 1606 qui
1214 1556 1329 1594 fuerit
1356 1555 1565 1593 Marcellus
1595 1557 1763 1604 Sidetes,

321 1614 445 1651 clarus
470 1622 585 1664 poeta
606 1623 685 1653 tum
706 1617 791 1654 aliis
811 1618 1057 1662 carminibus,
1078 1623 1158 1654 tum
1180 1617 1370 1667 Ἰατρικοῖς
1396 1618 1478 1667 περὶ
1497 1616 1652 1668 ἰχθύων,
1673 1631 1764 1666 quo-

319 1688 402 1713 rum
431 1676 542 1714 nobis
572 1677 699 1715 adhuc
727 1677 940 1729 fragmenta
972 1678 1145 1728 quaedam
1178 1683 1397 1728 supersunt,
1428 1690 1449 1714 a
1478 1677 1651 1715 Fabricio
1681 1678 1763 1729 (Bi-
1821 1703 1824 1707 -

320 1736 455 1774 blioth.
484 1738 554 1774 Gr.
577 1738 663 1775 Vol.
686 1739 715 1776 Ι.
738 1752 776 1788 p.
798 1743 860 1777 14.
889 1739 950 1776 ed.
980 1742 1072 1786 vet.)
1097 1746 1135 1776 et
1170 1738 1409 1776 Schneidero
1429 1738 1493 1786 (ad
1521 1738 1666 1776 calcem
1681 1739 1762 1776 edi·

319 1797 436 1834 tionis
457 1811 534 1835 suae
556 1798 749 1836 Plutarchi
772 1799 819 1836 de
847 1800 999 1836 educat.
1028 1812 1178 1849 pueror.
1209 1793 1411 1849 Argentor.
1435 1802 1552 1837 1775.
1573 1803 1610 1836 8.
1638 1812 1676 1849 p.
1696 1805 1762 1838 96.

319 1862 424 1908 sqq.)
436 1859 552 1905 edita,
568 1872 589 1896 a
604 1860 728 1897 Bellin
744 1860 793 1897 de
807 1860 916 1898 Banu
934 1868 1075 1905 autem,
1095 1861 1199 1898 claro
1215 1860 1384 1910 Oppiani
1397 1860 1547 1897 editore
1563 1861 1763 1910 promissa.

319 1922 545 1959 Marcellum
575 1922 698 1971 illum,
731 1930 897 1968 constat,
925 1922 1096 1960 floruisse
1126 1923 1338 1972 imperante
1372 1922 1508 1958 Marco
1535 1922 1705 1968 Aurelio,
1727 1935 1763 1961 v.

320 1981 458 2019 Suidas
477 1983 591 2019 Tom.
628 1983 680 2020 11.
701 1996 741 2033 p.
762 1987 852 2021 498.
874 1989 911 2020 et
931 1983 1105 2021 Eudocia
1126 1996 1164 2032 p.
1186 1986 1277 2020 299.
1346 1983 1430 2020 Jam
1464 1995 1554 2019 vero
1574 1995 1694 2033 quum
1713 1983 1764 2021 sit

318 2044 519 2093 utriusque
536 2044 798 2095 inscriptionis
818 2045 985 2083 metricae
1001 2045 1038 2082 in
1054 2045 1235 2082 orationis
1248 2044 1383 2082 habitu
1402 2050 1442 2082 et
1457 2044 1763 2084 conformatione

317 2117 461 2141 summa
481 2105 701 2151 similitudo,
721 2119 797 2143 non
817 2106 965 2143 dubitat
982 2106 1173 2151 visconti,
1195 2105 1317 2143 eidem
1339 2104 1528 2143 Marcello
1549 2107 1663 2144 etiam
1682 2107 1761 2157 pri-

317 2177 416 2201 mam
442 2165 666 2211 attribuere,
699 2179 834 2204 nomen
864 2172 989 2216 poetae
1021 2172 1167 2203 tautum
1192 2166 1395 2216 posteriori
1414 2166 1622 2204 adhaesisse
1639 2173 1761 2219 ratus,

318 2225 394 2262 sive
417 2226 520 2274 quod
542 2227 624 2264 haec
645 2227 763 2277 prima
788 2227 1079 2277 conspiceretur
1097 2227 1295 2277 Triopium
1319 2227 1485 2265 Herodis
1511 2227 1758 2275 adeuntibus,

319 2299 382 2322 seu
413 2286 517 2335 quod
551 2287 708 2325 omnino
741 2288 870 2338 potior
901 2295 1123 2327 censeretur
1159 2289 1481 2338 praestantiorqne
1510 2288 1642 2335 altera,
1672 2302 1760 2339 quoe

317 2359 407 2384 casu
428 2348 580 2386 detecta
600 2349 777 2399 primum,
798 2356 940 2388 temere
963 2350 1090 2400 potius
1110 2363 1222 2400 quam
1247 2356 1350 2387 recte
1373 2356 1438 2388 aut
1458 2350 1618 2387 consilio
1637 2351 1760 2400 prima

317 2421 339 2445 a
364 2409 474 2446 nobis
509 2412 734 2449 nominetur.
809 2411 989 2461 Suspicio
1015 2411 1153 2449 eruditi
1183 2412 1269 2449 Itali
1309 2412 1515 2450 admodum
1550 2411 1758 2462 probabilis

317 2470 399 2506 visa
430 2476 487 2507 est
522 2472 614 2509 Viro
634 2473 752 2510 docto
780 2472 816 2510 in
844 2473 1166 2523 Ephemeridibus
1187 2473 1508 2524 Gottingensibus
1527 2485 1562 2511 a.
1582 2477 1698 2512 1795.
1718 2485 1755 2510 n.

322 2535 409 2570 180.
424 2531 448 2568 :³
478 2531 660 2571 adversus
682 2547 763 2571 eam
786 2535 963 2585 quaedam
984 2536 1130 2572 monita
1150 2541 1239 2572 sunt
1258 2535 1294 2572 in
1315 2534 1486 2572 Censura
1513 2533 1659 2571 lenensi
1675 2533 1698 2570 l.
1719 2546 1754 2572 c.

321 2603 407 2641 pag.
428 2594 517 2628 483.
539 2605 593 2642 sq.
615 2601 874 2645 poteruntque
903 2594 1074 2633 fortassis
1092 2594 1235 2632 moneri
1256 2594 1376 2644 plura,
1397 2607 1483 2643 quae
1504 2592 1593 2630 istas
1614 2593 1754 2631 Inscri—

319 2653 468 2703 ptiones
485 2652 632 2691 Herodi
652 2662 781 2693 nostro
802 2656 1007 2694 vindicent.

363 2745 374 2763 ³
391 2745 488 2780 Etiam
500 2747 573 2776 viro
584 2748 702 2777 erudito
719 2748 747 2777 in
767 2750 1016 2789 Ephemeridibus
1054 2749 1190 2781 italiana,
1215 2747 1318 2788 (Tom.
1338 2746 1393 2785 V.)
1423 2749 1514 2780 1795.
1540 2759 1570 2787 p.
1596 2750 1670 2779 509.
1697 2748 1748 2778 ubi

321 2788 507 2825 Mantuanis,
536 2789 677 2820 Giornale
716 2791 796 2820 della
829 2793 1018 2822 hetteratura
1052 2791 1170 2822 erudita
1183 2790 1251 2825 libri
1268 2799 1402 2819 censura.
