1981 3255
308 214 390 255 386
808 215 859 255 A.
884 215 936 256 G.
961 212 1223 256 BECKERI

310 325 427 374 plicio
446 324 552 375 digni
571 332 679 372 sunt3
707 334 747 365 at
770 334 873 365 certe
901 328 1076 365 similium
1102 326 1348 365 consiliorum
1376 324 1630 374 suspicionem
1656 334 1735 360 nor}

311 385 504 435 effugient,
525 387 590 436 qui
618 387 688 424 ista
711 388 918 425 defendere
945 397 1133 425 conentur
1156 381 1340 425 facinora.
1398 385 1474 428 Qui
1495 391 1620 421 autem
1639 395 1732 420 con-

311 444 443 482 donari
463 447 534 484 sibi
555 460 658 485 reum
680 454 816 496 putant
836 455 1047 497 propterea,
1063 448 1166 497 quod
1184 448 1408 485 liberalitate
1425 447 1589 495 ipsorum
1607 456 1670 482 usa
1685 443 1733 480 sit

313 505 561 556 Respublica,
583 509 619 545 hi
647 509 800 545 demum
828 509 1034 545 bonoribus
1063 509 1232 546 contenti
1261 508 1348 553 sint,
1369 507 1510 557 quibus
1532 519 1554 543 a
1577 506 1734 543 civitate

312 569 558 615 ornabantur,
577 583 646 607 nec
663 570 874 619 postulent,
889 575 928 606 ut
945 575 1146 618 propterea
1164 568 1210 605 R.
1229 568 1268 605 P.
1284 568 1513 605 detrimento
1533 566 1731 604 afficiatur.

311 630 362 675 (c.
384 632 463 675 35.)

363 689 519 727 Judices
541 703 642 737 vem,
664 703 847 728 memores
867 692 1060 730 mulierum
1081 700 1118 730 et
1139 692 1339 736 infantum,
1359 697 1535 728 tueantur
1554 687 1735 738 suffragio

313 762 382 787 suo
403 750 554 787 istarum
577 751 747 788 salutern.
805 752 878 789 Pro
906 752 975 796 his,
1003 760 1041 790 et
1069 754 1230 803 legibus,
1255 760 1294 790 et
1319 753 1441 790 forma
1467 750 1631 788 civitatis
1657 761 1734 786 ser-

313 809 448 855 vanda,
471 810 574 848 mille
594 811 696 861 apud
721 812 968 850 Chaeroneam
999 815 1101 850 cives
1129 820 1215 851 sunt
1244 812 1449 855 interfecti,
1471 823 1630 860 quornm
1660 821 1737 846 mo-

311 878 490 907 numenta
519 871 580 908 hic
609 871 753 909 ferreus
780 886 855 910 non
882 874 1067 911 reveritus
1088 880 1158 918 est,
1183 873 1248 910 sed
1278 873 1350 910 sibi
1376 871 1538 909 concedi
1559 869 1741 919 postulat,

313 936 355 968 ut
382 931 420 968 in
449 939 664 982 conspectu
686 934 788 970 vivat
807 947 950 979 eorum,
973 935 1038 984 qui
1070 941 1226 983 propter
1253 934 1410 970 amissos
1436 931 1548 976 filios,
1572 930 1741 974 maritos,

311 990 447 1029 fratres
466 999 503 1030 et
523 994 759 1043 propinquos
781 1007 915 1043 magno
941 994 979 1031 in
1008 1007 1165 1031 moerore
1196 994 1360 1038 fuerant,
1381 1004 1590 1040 eorumque
1610 990 1741 1028 iuteri-

313 1057 391 1089 tum
412 1053 536 1090 adhuc
558 1055 700 1103 lugent.
720 1058 771 1102 (c.
792 1055 872 1103 36.)
1443 1051 1446 1053 Δ
1613 1064 1615 1066 ’

367 1113 410 1150 ln
427 1114 590 1162 Epilogo
602 1119 653 1162 (c.
667 1118 762 1162 37.),
777 1115 1075 1166 amplificatione
1092 1124 1130 1155 et
1144 1117 1324 1168 congerie
1342 1114 1534 1154 Leocratis
1550 1114 1739 1152 scelernm

311 1175 487 1224 judicum
508 1176 652 1213 animos
671 1177 836 1215 excitare
855 1178 998 1224 studet,
1014 1178 1205 1228 simulque
1225 1179 1274 1214 ab
1294 1178 1337 1214 iis
1357 1177 1514 1226 flagitat,
1536 1175 1738 1213 ostendant

316 1237 544 1286 exemplum,
572 1244 613 1274 ut
639 1250 769 1275 omnes
799 1238 1021 1287 intelligant,
1042 1241 1078 1276 in
1108 1240 1181 1276 lioc
1208 1238 1415 1276 certamine
1442 1236 1738 1273 misericordiam

316 1310 391 1334 non
412 1297 497 1346 plus
520 1297 657 1346 valere,
678 1311 790 1347 qnam
810 1298 935 1347 legum
954 1307 990 1336 et
1013 1299 1247 1349 Reipublicae
1267 1297 1538 1336 defensionem.

371 1359 576 1394 Accusatio
597 1371 697 1405 vero,
718 1359 754 1396 in
781 1372 854 1409 qua
882 1365 959 1397 tota
988 1360 1070 1397 haec
1089 1366 1260 1397 versatur
1279 1359 1428 1403 Oratio,
1451 1363 1490 1394 ut
1517 1357 1553 1393 id
1575 1357 1739 1394 tironum

317 1430 432 1455 causa
463 1418 625 1456 breviter
654 1432 885 1463 moneamus,
914 1426 995 1457 erat
1026 1423 1322 1468 εἰσαγγελία,
1352 1418 1612 1456 denunciatio.
1675 1417 1739 1454 Sic

317 1479 398 1529 ipse
423 1481 613 1517 actionem
642 1480 813 1530 appellat
839 1481 1037 1531 Lycurgus
1058 1495 1091 1519 c.
1113 1485 1151 1518 2.
1207 1481 1294 1517 Tria
1321 1486 1446 1516 autem
1473 1485 1580 1515 erant
1607 1478 1741 1515 harum

317 1538 655 1577 denunciationum
681 1554 820 1589 genera
847 1541 883 1578 in
912 1542 1010 1578 Foro
1044 1541 1187 1584 Attico,
1209 1547 1249 1578 nt
1277 1539 1529 1589 Harpocratio
1558 1539 1595 1576 h.
1617 1551 1651 1575 v.
1672 1551 1740 1575 no-

316 1600 422 1645 tavit,
455 1613 614 1650 quorum
643 1603 820 1650 primum,
841 1624 893 1629 —
918 1601 1067 1639 caeteris
1097 1602 1132 1638 h.
1162 1602 1187 1638 l.
1215 1601 1378 1647 omissis,
1403 1623 1455 1628 ——-
1479 1603 1644 1638 τέτακται
1667 1599 1742 1637 ἐπὶ

316 1667 400 1698 τῶν
444 1661 659 1712 ἀγράφων
702 1661 930 1712 δημοσίων
972 1662 1274 1712 ἀδικημάτων,
1316 1661 1339 1699 i.
1363 1675 1396 1699 e.
1436 1662 1626 1700 accusatio
1663 1673 1740 1698 non

314 1722 410 1760 certi
435 1723 622 1767 criminis,
641 1722 707 1760 sed
732 1725 911 1773 cujusque
937 1722 1066 1760 delicti
1095 1724 1244 1759 nomine
1266 1724 1445 1767 carentis,
1466 1729 1582 1772 atque
1610 1735 1740 1760 eorum

314 1783 558 1829 ἀδικημάτων,
581 1796 667 1832 qnae
695 1784 818 1821 Latini
848 1784 1032 1821 Rhetores
1061 1784 1248 1832 inscripta
1276 1781 1460 1833 maleficia
1487 1783 1742 1832 appellarunt.

315 1843 378 1880 Sic
401 1844 533 1881 Pollux
555 1844 665 1881 Vlli.
686 1848 723 1881 6.
745 1857 782 1894 p.
804 1848 892 1882 188.
913 1866 963 1872 -
985 1844 1131 1881 Clarius
1154 1844 1282 1880 adhuc
1303 1844 1556 1892 Harpocratio
1577 1844 1613 1880 h.
1639 1857 1672 1880 v„
1692 1843 1741 1881 de

314 1905 437 1953 primo
469 1918 607 1954 genere
638 1913 701 1950 τῆς
734 1908 978 1953 εἰσαγγελίας
1010 1906 1060 1942 ita
1096 1906 1257 1942 monet:v
1286 1904 1463 1954 δημοσίας
1495 1904 1594 1950 δίκης
1624 1904 1741 1955 ὄνομα

313 1965 404 2003 ἐστί.
428 1968 450 2010 ἡ
468 1966 536 2016 μὲν
556 1970 644 2017 γάρ,
664 1968 723 2003 ἐπὶ
743 1966 932 2017 δημοσίοις
950 1966 1144 2016 ἀδικίιμασι
1162 1969 1364 2015 μεγίστοις,
1385 1967 1443 2001 καὶ
1468 1964 1662 2012 ἀναβολὴν
1690 1968 1740 2016 μὴ

314 2025 596 2077 ἐπιδεχομένοις,
623 2029 694 2064 καὶ
722 2028 780 2079 ἐφ’
807 2026 875 2070 οἷς
901 2029 1011 2078 μήτε
1040 2029 1155 2078 α’ρχὴ
1185 2025 1448 2071 καθέστηκε,
1475 2028 1583 2075 μήτε
1612 2029 1741 2075 νόμοι

316 2092 494 2125 κεῖνται
533 2094 624 2131 τοῖς
664 2091 873 2141 ἄρχουσι,
910 2087 1004 2125 καθ’
1041 2090 1115 2130 οὓς
1153 2089 1430 2132 εἷσάξουσιν,
1468 2088 1590 2124 ἀλλὰ.
1629 2087 1740 2137 πρὸς

315 2151 394 2193 τὴν
428 2147 608 2196 βουλὴν
639 2151 662 2194 ἣ
697 2150 771 2187 τὸν
807 2150 943 2200 δῆμον
976 2152 997 2194 ἡ
1033 2153 1179 2196 πρώτη
1213 2147 1496 2190 κατάστασις
1526 2147 1649 2192 ἐ’στω,
1683 2149 1742 2185 καὶ

314 2209 366 2259 ἐφ’
385 2207 440 2252 οἷς
454 2213 501 2260 τῷ
521 2210 587 2260 μὲν
606 2211 789 2260 φεύγοντι,
808 2211 875 2247 εἰὶν
893 2212 986 2260 ἁλῷ,
999 2211 1170 2260 μέγισται
1189 2210 1313 2258 ’ζὴμιαι
1332 2207 1540 2246 ἐπίκεινται.
1557 2208 1631 2261 (cf.
1647 2209 1740 2259 Lycss

315 2282 349 2307 c.
370 2273 422 2316 3.)
467 2272 562 2314 Quae
584 2271 894 2309 denum-iunones
913 2271 1055 2308 fiebant
1075 2277 1204 2309 contra
1223 2270 1304 2316 lios,
1326 2270 1390 2320 qui
1410 2270 1592 2308 delictum
1614 2274 1741 2320 patra-'>

316 2339 459 2375 verant,
478 2344 510 2367 v.
527 2344 561 2368 c.
579 2332 747 2375 caedem;
779 2332 932 2368 istorum
954 2344 1091 2368 nomen
1113 2331 1355 2369 deferebatur
1371 2332 1417 2369 ad
1441 2338 1628 2369 senatum.
1660 2331 1739 2367 De-

314 2391 454 2428 mostb.
478 2405 511 2430 c.
537 2393 633 2429 Mid.
654 2405 691 2442 p.
713 2396 802 2430 554.
824 2392 954 2430 Reisk.
976 2392 1128 2436 deinde,
1151 2398 1190 2429 nt
1207 2392 1342 2430 Pollux
1362 2393 1385 2429 l.
1404 2407 1438 2430 c.
1460 2406 1481 2429 e
1496 2393 1592 2429 libro
1612 2391 1739 2428 Theo-

315 2453 459 2501 phrasti
486 2452 534 2489 de
569 2453 713 2502 legibus
742 2453 871 2498 refert,
899 2461 1032 2491 contra
1060 2454 1258 2497 Oratores,
1289 2454 1355 2503 qui
1385 2454 1512 2503 populi
1540 2452 1736 2502 imperinm

314 2519 578 2558 concuterent,
598 2527 667 2551 uec
688 2515 831 2564 optima
852 2514 999 2564 Populo
1019 2515 1220 2551 suassisent
1237 2515 1261 2556 ;ι
1294 2522 1427 2552 contra
1454 2515 1572 2551 (luces
1593 2515 1638 2550 ad
1663 2516 1739 2552 bel-

315 2571 406 2617 lum,
429 2585 501 2609 non
525 2574 625 2610 missi
652 2587 673 2611 a
698 2575 852 2624 populo,
874 2575 1068 2624 profectos
1083 2575 1106 2617 ς’
1134 2583 1198 2612 aut
1219 2582 1350 2612 contra
1372 2575 1584 2624 proditores
1606 2577 1737 2624 praesi-

314 2633 475 2677 diorum,
493 2635 683 2672 exercitus
703 2641 741 2672 et
759 2636 940 2673 navium.³
995 2635 1065 2673 His
1086 2636 1447 2680 annumerabantur,
1462 2636 1524 2683 qui
1548 2637 1583 2673 in
1603 2639 1737 2685 proelio

313 2706 416 2732 arma
446 2695 607 2744 turpiter
639 2695 869 2744 abjecerant.
929 2696 1017 2745 Lys.
1039 2710 1073 2734 c.
1100 2696 1286 2733 Theomu.
1313 2709 1349 2746 p.
1376 2700 1465 2734 342.
1494 2697 1517 2733 l.
1551 2701 1584 2734 1.
1608 2698 1738 2737 Reisk.

356 2820 364 2838 ¹
386 2820 562 2859 Exemplum
579 2824 626 2849 ent
640 2829 689 2858 ap.
707 2820 864 2850 Demosttn.
880 2821 918 2850 de
934 2821 1003 2851 Cor.
1083 2820 1096 2838 ³
1113 2821 1151 2851 Et
1174 2826 1234 2850 tum
1256 2831 1386 2859 quoquo.
1406 2831 1496 2859 quum
1521 2821 1624 2857 duces,
1641 2821 1737 2854 insen,-

313 2871 343 2900 Ρ.
359 2864 433 2900 310.
450 2862 475 2891 1.
488 2865 518 2892 4.
534 2862 583 2892 ed.
602 2862 704 2891 Reisk.
1040 2863 1117 2892 citer
1139 2873 1170 2892 re
1195 2867 1290 2900 gesta,
1311 2863 1414 2892 horum
1431 2864 1586 2893 criminum
1604 2865 1735 2904 suspecti

355 2902 368 2921 ²
385 2903 540 2934 Demontlr.
571 2904 608 2934 do
642 2904 747 2935 Cheru.
780 2915 810 2943 p.
842 2907 892 2934 2⁷.
925 2905 943 2935 l.
977 2908 1004 2934 1.
1040 2905 1154 2940 fierent,
1176 2906 1254 2944 quod
1281 2911 1362 2943 patet
1385 2916 1401 2935 e
1426 2907 1580 2936 Demosth.
1600 2908 1690 2946 heptt¹
1705 2917 1734 2946 p.

316 2945 420 2975 nei-k.
1040 2949 1111 2977 487.
1128 2948 1168 2977 R.
1183 2948 1319 2986 cs.-Nep.
1335 2948 1465 2978 Timolli.
1478 2951 1508 2978 3.
1527 2949 1640 2988 lphicr.
1656 2951 1686 2980 3.
