1981 3255
594 170 679 210 AD
712 166 930 210 PAGUM
961 167 1283 209 TRIOPIUM.

223 282 399 330 Audite,
420 281 591 330 accolae,
613 287 656 321 et
675 279 806 321 vicini
825 280 1038 336 agricolae,

1576 165 1655 207 587

1601 280 1656 320 20

224 345 353 388 Sacer
371 346 443 386 hic
461 346 598 394 locus,
617 343 853 386 immobiles
874 351 1015 386 autem
1036 345 1135 395 deae,

813 434 825 452 2

225 520 373 550 clearcho
413 517 548 548 servavit
580 516 757 553 Athenaeus,
783 517 851 547 Lib.
880 517 922 546 X.

223 572 295 602 pag.
312 564 385 592 455.
401 571 441 596 a.,
465 570 482 589 a
507 560 640 590 librariis
664 560 752 589 valde
777 560 926 599 deprava—

225 610 300 634 tum.
331 603 470 634 Athenaei
499 604 591 632 verba
625 602 689 632 baec
715 607 804 631 sunt.
836 601 874 631 Τὸ
897 601 925 632 δὲ

225 645 409 686 Καστορίωνος
429 657 478 674 του
494 644 607 680 Σολέως,
626 645 660 677 ὣς
682 645 694 674 ὅ
712 644 855 684 Κλέαρχος
870 652 923 683 φη-

226 690 282 725 σὶν,
298 690 336 723 εἰς
351 688 395 718 τὸν
410 690 489 718 nam
508 687 616 726 ποίημα
631 686 751 716 τοιοῦτόν
771 685 858 716 ἔστιν·
872 689 926 716 τῶν

227 732 324 767 ποδῶν,
343 730 463 764 ε’καστος
476 730 548 763 δ’λοις
561 729 678 768 ὀνόμασι
698 728 928 769 πεςιειλημμένος

225 773 288 815 ἔχει
303 785 367 807 τους
386 773 484 807 vasaq.
506 770 563 802 οἷον·
588 771 622 802 Σὲ
638 771 682 800 τέν
696 772 786 805 Βόλοις
799 772 925 811 νιφοκτύ-

226 827 297 850 ποις
318 816 497 862 δυσχείμερον
518 812 617 844 ναίονθ’
639 813 694 848 ὁδὸς
700 813 847 863 Νὲπςονόμε
868 817 927 844 Πὰν

226 858 310 900 χθόν’
331 849 485 897 Ἀξκάδων,
502 857 599 887 κλήσω
622 865 711 897 γςαφη
742 856 808 887 τηδε
840 857 925 897 σοφῃ,

227 900 376 940 mirum-1³
390 900 450 931 ’s'wn
468 899 562 930 συνθεῖ
566 911 578 933 ς
592 899 673 938 ἄναξ,
697 899 861 937 δύσγνωστα
883 902 925 938 μὴ

227 945 322 982 σοφοῖς
346 943 445 978 κλύειν,
477 941 639 981 μουσοπόλε
672 941 716 982 Θῆρ
749 940 927 982 κηξοχίτωνσς

226 985 363 1025 μείλιγμ’
377 985 434 1020 ἵεις,
449 986 496 1014 καὶ
509 987 547 1014 τὰ
561 986 647 1013 λοιπὰ
665 984 710 1013 τὸν
720 995 803 1013 αυτον
817 983 925 1024 τξὸπον.

227 1028 333 1058 τούτων
345 1027 368 1057 δ’
382 1026 504 1057 ἕκαστον
516 1029 571 1056 τῶν
586 1026 683 1060 ποδῶν,
699 1027 733 1059 ὡς
746 1026 777 1055 ἂν
791 1026 829 1067 τῇ
843 1027 924 1066 τάξει

227 1070 292 1110 θῇς,
307 1069 341 1099 ‘rb
355 1070 437 1100 αὐτὸν
451 1069 553 1109 μὲτξον
570 1069 706 1098 ἀποδῶσει
717 1068 813 1102 οὕτως·
829 1068 863 1098 σὲ
881 1069 927 1099 τόν

227 1111 317 1147 ξόλοις
328 1112 521 1153 δυσχείμερον,
532 1111 566 1141 σὲ
578 1112 624 1141 τὸν
640 1111 728 1144 ξύλοις
741 1111 926 1149 νιφοκτύποις.

219 1156 274 1192 ,καὶ
291 1154 334 1184 ἔτι
356 1159 411 1185 τῶν
434 1155 520 1186 ποδῶν
539 1153 659 1187 ἕκαστός
675 1153 739 1183 ἔστι
763 1155 925 1193 δεκαγξίιμ-

227 1209 324 1238 ματος
357 1198 441 1238 (lege
472 1196 771 1236 ἑνδεκαγςάμματος).
816 1197 924 1226 Totum

226 1241 366 1270 Athenaei
382 1241 480 1269 locum
496 1249 552 1269 non
569 1246 652 1268 recte
669 1239 790 1277 cepisse
807 1239 925 1269 videtur

224 1292 354 1320 magnus
370 1282 577 1312 Casanbonus.
600 1282 667 1310 Non
682 1281 803 1319 plenum
819 1286 849 1310 et
857 1292 925 1320 per-

226 1325 338 1354 fectum
358 1322 404 1354 e‘st
428 1333 558 1359 carmen,
573 1323 682 1357 fateor,
703 1323 756 1351 sed
779 1324 926 1361 ejusmodi

227 1372 336 1402 tamen,
350 1371 382 1396 nt
396 1366 621 1396 emendationes
637 1365 748 1401 cuivis,
765 1375 821 1394 non
838 1366 927 1404 plane

227 1409 379 1448 imperito,
392 1409 421 1438 in
438 1414 568 1438 mentem
584 1408 717 1437 veniant.
745 1407 870 1438 Carmen
886 1409 928 1438 ita

229 1452 362 1482 numeris
379 1451 444 1481 suis
460 1451 615 1480 restituam
629 1461 636 1479 ·.

310 1508 347 1539 Σὲ
363 1509 408 1539 τὸν
423 1507 510 1542 ἕόλοις
526 1508 702 1547 νιφοκτύποις

312 1551 492 1592 δυσχείμερον
504 1550 602 1580 ναίοντ’
615 1563 627 1579 ο
635 1562 648 1589 ς
655 1562 667 1579 ο
675 1562 688 1583 ς

313 1594 445 1633 θηρονόμε
461 1594 531 1629 Πὰν,
544 1592 596 1633 χ9’
587 1591 617 1622 ν’
635 1591 769 1631 Ἀρκάδων

314 1635 453 1666 metm
467 1637 560 1676 γξαφῇ
574 1634 620 1665 ἐνι
637 1635 702 1676 τῇδε
720 1642 791 1675 σοφη

313 1680 362 1708 Π’
348 1692 366 1708 α
374 1689 416 1716 yn
427 1685 445 1708 λ
453 1689 464 1708 ε
476 1677 521 1707 ιτ’
535 1678 595 1708 ἐ’πιη
609 1668 714 1711 συνθεις
724 1677 792 1715 ἄναξ

318 1721 485 1759 δύσγνωστα
499 1722 540 1759 μὴ
555 1721 651 1759 σοφοις
665 1731 682 1748 κ
692 1727 710 1749 λ
719 1719 732 1749 ύ
740 1731 750 1749 ε
757 1730 769 1748 ν

313 1763 475 1802 μουσοπόλε
488 1762 544 1813 eng,
554 1774 604 1803 χα
613 1774 625 1802 ρ
635 1761 784 1792 ιτότατο
793 1773 804 1790 ν

313 1805 452 1846 μείλιγμ’
466 1806 538 1838 ειις-

231 1884 248 1904 o
265 1873 331 1903 Pan
351 1873 427 1903 altor
442 1872 596 1913 ferarum,
616 1871 666 1911 qni
682 1873 745 1900 nite
761 1875 865 1900 tectum
879 1880 929 1899 ειε-

231 1926 320 1956 vaque
335 1915 423 1945 hieme
437 1916 547 1944 durum
562 1915 697 1943 Arcadiae
713 1918 833 1942 montem
849 1912 930 1941 habi-

232 1963 287 1994 tas,
302 1964 343 1994 te,
361 1957 412 1987 hoc
425 1955 539 1996 difficili
553 1957 695 1985 scribendi
709 1965 824 1993 genere,
846 1962 931 1984 acute

232 2001 361 2036 invento,
376 1999 530 2034 celebrabo,
542 2008 638 2028 versus
650 1998 812 2036 preclaros,
824 2007 930 2026 summe

232 2052 293 2078 rex,
309 2051 482 2080 componens,
498 2041 617 2078 cognitu
631 2041 768 2069 difficiles
793 2041 929 2079 ignoran-

234 2083 438 2121 tibus,oferus
455 2083 608 2113 Musarum
623 2085 722 2117 socius,
734 2092 849 2111 carmen
864 2092 929 2111 sua-

233 2127 378 2157 vissimum
390 2126 539 2166 fundens.
584 2125 653 2155 Alio
671 2126 760 2154 modo
776 2125 929 2153 Casaubo—

233 2179 300 2204 nus,
311 2168 497 2198 Castorionis
509 2168 604 2197 locum
618 2168 766 2197 tractavit.
779 2167 906 2196 aitenim
922 2176 929 2195 :

234 2215 257 2228 “
273 2211 461 2241 Castorionis
491 2211 624 2241 Solensis
663 2210 833 2242 artificium,
870 2219 930 2247 quo

234 2264 308 2283 usus
321 2259 377 2289 est,
399 2263 466 2283 cum
483 2263 600 2283 carmen
626 2253 655 2282 in
682 2253 792 2282 Panem
808 2262 929 2291 compo-

233 2301 330 2331 neret,
355 2301 402 2326 est
424 2296 605 2334 hujusmodi.
630 2295 744 2324 Versus
758 2293 834 2324 enim
856 2304 930 2332 poe-

233 2338 322 2368 matis
338 2343 409 2368 sunt
424 2337 531 2367 senarii
547 2337 678 2372 iambici,
691 2347 816 2376 qnorum
829 2347 931 2366 omnes

234 2381 330 2420 pedes
354 2391 411 2410 una
444 2380 624 2419 pluribusve
648 2380 831 2409 dictionibus
855 2380 930 2408 inte-

236 2423 297 2463 gris
313 2424 464 2457 finiuntur,
481 2423 560 2452 unde
585 2423 697 2458 evenit,
719 2428 750 2451 ut
777 2422 931 2460 transponi

236 2466 346 2505 singuli
362 2467 456 2504 pedes
473 2464 502 2494 in
519 2466 616 2495 varias
629 2465 716 2494 sedes
726 2469 792 2494 tuto
803 2465 932 2504 possint,

236 2518 340 2538 omnes
355 2508 435 2537 enim
457 2508 551 2546 pedes
572 2517 657 2546 aeque
675 2507 825 2545 ἡγεμονικοὶ
842 2512 932 2545 atque

237 2549 451 2581 ἀκολουθητικοί.
495 2550 596 2579 Pedes
621 2549 758 2588 intellige
788 2550 933 2579 iambioas

237 2592 388 2632 dipodius.
409 2593 593 2632 Exemplum
620 2597 686 2622 esto
705 2592 736 2621 in
759 2591 843 2621 hisce
868 2602 934 2622 ver-

240 2635 340 2665 sibus·

234 2690 327 2736 (ᾗῇ
329 2703 376 2721 τον
447 2705 481 2734 ς
492 2692 671 2732 νιφοκτύποις
685 2691 866 2732 δυσχείμερον

246 2744 253 2750 “
258 2731 411 2764 Natovs’t
444 2727 597 2775 θηρονόμε
607 2737 666 2765 Πὰν
680 2734 762 2775 χθόν’
771 2735 917 2774 Ἀρκάδων,

282 2777 384 2807 Κλησω
398 2776 503 2817 γραφῇ,
513 2778 573 2818 τῃδι
589 2786 674 2818 cod-³31,
690 2777 838 2815 πάγκλυτ
852 2777 918 2812 ἔπη,

283 2818 395 2852 Συνθεις
407 2819 488 2857 ἄναξ,
503 2819 672 2857 δύσγνωστα
682 2822 724 2859 μῆ
734 2822 830 2859 σοφοις
841 2819 940 2849 κλύειν·

281 2861 444 2891 Μουσοπόλε
457 2861 509 2901 Sive
521 2861 698 2902 κηςοχίτωνο,
712 2861 848 2902 μείλιγμ’
863 2861 929 2896 ἱείς]

239 2919 318 2949 Haec
337 2919 544 2950 casaubonus.

846 433 966 465 ἀκίνητοί
978 445 1010 464 τε
1028 437 1064 465 Β.

960 518 1012 548 lari
1027 520 1115 548 modo
1127 516 1240 559 (yet-24³3?
1247 518 1338 559 σοφῇ)
1348 519 1406 548 ΧΙ.
1419 520 1522 549 literas
1534 520 1562 549 in
1575 519 1654 549 omni

959 562 1036 598 pede
1053 563 1207 591 habentes.
1252 562 1288 591 In
1306 562 1439 591 secundo
1458 572 1556 597 versu,
1579 563 1653 592 vitio

960 604 1106 642 scriptum
1137 609 1201 633 erat
1226 602 1291 638 ὁδές,
1316 614 1369 633 nec
1399 604 1496 633 minus
1520 605 1596 634 male
1623 605 1653 634 in

958 647 1048 676 MSS.
1063 645 1124 677 ὁδοί.
1146 647 1342 676 Casaubonus
1355 646 1441 682 legit,
1454 644 1553 675 ναίονὲ1
1566 647 1653 685 ὅμως.

957 691 1023 720 Jos.
1038 689 1172 728 Scaliger
1187 692 1343 727 verospro
1358 688 1412 722 ὁδὸς
1427 690 1576 724 emendat,
1588 687 1654 722 ἕδος.

960 733 1075 761 Durum
1089 738 1234 770 praeterea
1244 732 1365 760 videtur
1376 732 1554 762 casaubono
1566 729 1654 761 ναίειν.

960 776 1074 804 Nostra
1082 775 1249 804 emendatio
1257 774 1398 803 facillima
1407 781 1655 812 est,sensumque

959 818 1012 846 dat
1027 817 1185 855 optimum.
1198 815 1251 857 ἔςος
1266 822 1312 846 est
1324 817 1373 846 hic
1391 818 1541 847 Maenalus
1556 827 1654 852 mons,

960 859 1010 898 qui
1018 860 1118 889 Panos
1128 860 1227 895 sedes,
1239 864 1269 888 et
1277 858 1470 899 δυσχείμερος,
1480 861 1500 890 i.
1511 870 1539 889 e.
1549 859 1655 889 duram

959 902 1077 932 hiemem
1102 902 1195 932 habet.
1232 902 1295 936 Sic,
1314 903 1477 937 Homerus,
1501 902 1593 932 Iliad.
1615 901 1655 934 θ’.

959 947 1032 976 750.
1056 945 1116 985 περὶ
1136 944 1262 975 Δωδώνην
1277 943 1465 984 δυσχείμεξον.
1489 945 1548 974 cnf.
1564 944 1654 974 Iliad.

960 987 998 1017 π’.
1026 990 1097 1018 234.
1142 987 1318 1026 AEsch5lus,
1342 997 1424 1016 mare
1453 987 1657 1027 procellosum

959 1029 1138 1070 δυσχείμερον
1151 1028 1274 1067 πέλαγος
1296 1034 1395 1065 vocat,
1410 1030 1568 1059 Prometb.
1581 1031 1657 1060 745.

960 1078 990 1102 et
1008 1073 1168 1112 Euripides
1180 1072 1209 1101 in
1226 1073 1393 1110 fragmento
1405 1083 1443 1102 ex
1456 1073 1657 1111 Cresphonte,

960 1126 1009 1154 ap.
1021 1116 1160 1151 Strabon,
1172 1115 1240 1144 Lib.
1253 1115 1348 1144 VIII,
1357 1124 1425 1154 pag.
1435 1116 1507 1145 366.
1518 1115 1658 1156 (Mnsgr.

959 1160 995 1187 'l'.
1014 1159 1079 1187 ΙΙΙ.
1108 1168 1178 1196 pag.
1199 1157 1289 1196 557.)
1332 1157 1518 1187 Messeniam
1549 1162 1658 1188 terram

958 1201 1130 1239 frugiferam
1146 1200 1289 1239 appellat,
1304 1204 1352 1229 et:

1013 1258 1071 1289 οὔτ’
1084 1259 1109 1289 ἔν
1124 1260 1234 1290 πνοαῖσι
1249 1260 1391 1300 χείματος
1403 1259 1594 1301 δυσχείμεςον.

961 1330 1052 1357 Certo
1067 1328 1178 1357 certior
1193 1328 1361 1358 emendatio
1373 1327 1427 1367 ὅξος
1438 1339 1493 1367 pro
1509 1328 1574 1362 ὁδός.
1597 1330 1659 1359 Ειι-

961 1370 1086 1409 ripides,
1099 1370 1178 1409 apud
1190 1370 1322 1410 Dionys.
1335 1371 1492 1400 Halicarn.
1502 1372 1539 1401 de
1547 1373 1659 1401 struet.

961 1414 1045 1442 Orat.
1061 1423 1132 1451 pag.
1143 1415 1217 1442 250.
1232 1413 1271 1442 de
1288 1413 1389 1442 Panos
1406 1414 1497 1442 sede:

1062 1489 1073 1494 -
1092 1470 1185 1500 -ἕστε
1199 1470 1298 1510 πέτρον
1312 1470 1447 1511 Ἀρκάδων
1457 1470 1641 1513 δυσχείμερον

1088 1512 1320 1552 ἐπεμβατεύεις-

962 1581 1056 1609 Poeta
1086 1580 1175 1609 etiam
1205 1580 1328 1618 ignotus
1353 1580 1433 1618 apud
1463 1581 1550 1610 Stob.
1575 1583 1661 1612 Grot.

962 1633 1031 1662 pag.
1046 1624 1119 1652 117.
1162 1621 1336 1657 Arcadiam,
1354 1627 1461 1651 vocat:

1175 1698 1188 1703 -
1203 1697 1216 1702 -
1232 1697 1244 1702 -
1262 1698 1273 1702 -
1289 1691 1341 1717 γαν
1356 1697 1367 1703 -
1384 1697 1396 1703 -
1410 1698 1420 1703 -
1437 1697 1448 1703 -

1006 1722 1173 1762 πετςοβάτα
1191 1733 1223 1752 τε
1236 1722 1300 1752 θεοῦ
1313 1721 1400 1756 Πανὸς
1414 1722 1512 1762 νομίοιο
1521 1723 1660 1763 Βςυιέκτα.

964 1791 1124 1829 Quomodo
1146 1790 1318 1825 Castorion,
1333 1789 1412 1819 ναίειν
1426 1789 1480 1831 ὅρος
1501 1791 1597 1827 dixit,
1619 1791 1661 1821 ita

964 1834 1115 1863 Pindarus
1140 1833 1271 1863 ναιετάων
1293 1832 1345 1862 ὑπὸ
1367 1832 1431 1872 ὅξος.
1463 1833 1585 1874 Olymp.
1601 1834 1659 1863 VI.

964 1878 1035 1907 131.

1135 1934 1148 1940 -
1165 1934 1176 1939 -
1194 1935 1204 1939 -
1220 1916 1273 1947 ὑπὸ
1284 1917 1430 1950 Κυλλάνας
1440 1917 1495 1957 ὅξος

1131 1958 1259 1997 Ἀγησία,
1275 1960 1404 1998 μάτρωες
1414 1960 1504 1999 ἄνδρες

1100 2025 1102 2027 >
1132 2002 1312 2036 ναιετάοντες.

963 2069 1044 2099 conf.
1058 2069 1107 2099 Ol.
1118 2069 1155 2098 V.
1169 2072 1221 2098 40.
1266 2069 1319 2098 Vs.
1331 2071 1426 2100 4—5.
1449 2069 1588 2099 nonnulla
1599 2079 1663 2100 mu·

963 2112 1037 2146 tavi,
1064 2122 1121 2141 non
1150 2111 1310 2140 violenter.
1337 2111 1524 2150 μουσοπόλος,
1560 2114 1661 2148 socius,

963 2156 1106 2189 minister,
1126 2153 1291 2183 Musarum.
1324 2154 1375 2183 Sic
1392 2162 1490 2192 poetae
1500 2154 1574 2184 dicti
1588 2166 1660 2192 μου·

963 2196 1118 2233 σοπόλοι,α
1139 2196 1260 2226 Teleste
1283 2206 1332 2234 ap.
1357 2197 1465 2226 Athen.
1485 2197 1556 2226 Lib.
1571 2196 1661 2227 le.

964 2250 995 2278 p.
1012 2242 1085 2270 617.
1100 2250 1126 2269 a.
1140 2244 1171 2268 et
1187 2236 1256 2267 οἰκία
1271 2238 1467 2278 μουσοπόλων,
1480 2245 1661 2269 memoratur

964 2292 981 2311 a
998 2283 1117 2321 Sappho
1133 2291 1184 2322 ap.
1196 2281 1326 2310 Maxim.
1337 2282 1407 2320 Tyr.
1419 2282 1513 2311 VIII.
1529 2292 1598 2321 pag.
1609 2284 1661 2313 96.

968 2325 1149 2354 Davis.1n
1168 2323 1274 2353 ultimo
1290 2334 1381 2353 versu
1397 2328 1538 2363 corrupte
1553 2324 1582 2354 in
1597 2335 1660 2355 om-

965 2367 1052 2397 nibus
1079 2366 1168 2396 libris
1197 2366 1308 2404 legitur
1344 2365 1530 2407 κηξοχίτωνος.
1589 2368 1661 2396 Vox

964 2420 1116 2450 κηςοχιτων
1145 2408 1275 2438 occurrit
1300 2409 1421 2447 quidem
1447 2409 1476 2438 in
1508 2409 1661 2449 Antipatri

966 2453 1073 2491 Epigr.
1090 2452 1119 2481 in
1130 2451 1289 2488 Antholog.
1302 2453 1356 2481 Gr.
1367 2451 1436 2481 Lib.
1444 2452 1496 2481 Vl.
1509 2462 1580 2490 pag
1588 2454 1661 2483 561.

967 2495 1026 2524 cnf.
1051 2494 1147 2534 Toup.
1172 2493 1326 2523 Emend.
1318 2504 1348 2523 in
1369 2494 1454 2524 Suid.
1476 2495 1514 2524 T.
1528 2495 1574 2524 ΙΙ.
1593 2504 1662 2533 pag.

967 2539 1038 2567 287.
1058 2537 1111 2566 sed
1132 2546 1256 2576 prorsus
1281 2535 1340 2565 alio
1359 2547 1458 2566 sensu.
1501 2536 1566 2566 Viri
1582 2537 1663 2566 docti

968 2583 1142 2609 verterunt:
1165 2577 1428 2614 animalis,ceream
1439 2583 1538 2609 vestem
1553 2579 1664 2615 induti,

969 2621 1034 2652 sine
1047 2631 1150 2655 sensu,
1165 2621 1231 2650 sive
1255 2621 1428 2652 sententiam
1451 2621 1515 2650 sive
1535 2625 1662 2650 metrum

970 2668 1101 2703 spectes.
1144 2663 1350 2699 casaubonus,
1375 2674 1431 2693 non
1462 2663 1538 2692 male
1567 2661 1665 2704 χαριέ-

970 2717 1078 2736 στατον
1100 2707 1248 2736 emendat.
1293 2708 1362 2736 Nou
1386 2705 1544 2735 infeliciter
1567 2711 1665 2734 tamen

971 2750 1044 2780 mihi
1071 2748 1317 2790 χαριτότατον
1353 2748 1522 2778 restituisse
1548 2747 1664 2776 videor.

975 2794 1062 2822 Licet
1077 2802 1148 2822 vero
1164 2792 1192 2821 in
1207 2791 1354 2831 exemplis
1369 2789 1502 2828 corrupti
1514 2789 1667 2819 scribendi

975 2836 1094 2875 generis
1105 2836 1166 2873 jam
1180 2834 1332 2874 copiosior
1349 2832 1465 2866 fuerim,
1482 2831 1554 2861 licet
1567 2836 1665 2861 tamen

975 2879 1035 2908 duo
1056 2888 1094 2906 ex
1112 2877 1309 2916 Aristophane
1328 2876 1386 2903 huc
1402 2873 1518 2908 afferre,
1541 2883 1666 2911 praeser-

588 2920 628 2949 At
644 2930 683 2950 ex
698 2921 844 2951 Athenaeo
860 2923 945 2960 patet
976 2921 1031 2950 tim
1046 2929 1113 2950 oum
1125 2918 1368 2951 observavimus,
1379 2916 1452 2946 nulli
1468 2916 1597 2946 virorum
1613 2916 1667 2946 do-

237 2961 426 2992 Castorionis
442 2971 548 2992 versus
568 2962 725 2993 Dimetros
745 2974 826 3000 esse,
843 2963 945 3002 singu-

979 2967 1105 2998 ctoruni,
1145 2962 1196 3000 qui
1236 2960 1455 2998 Aristophanea
1492 2962 1667 2994 tractarunt,
