1981 3255
486 252 881 297 DISSERTATIO
915 251 995 292 DE
1029 252 1304 294 DEMADE.
1524 253 1601 293 521

386 370 449 411 Περὶ
463 369 558 410 εἰρήνης
570 369 692 407 λέγοντι,
706 366 730 398 ὦ
741 368 841 408 ἄνδρες,
858 366 992 398 πείθεσὲἑ
1007 377 1070 405 μοι·

383 423 426 452 Mi
441 419 589 462 ὄχλοιόπῳ
601 419 627 450 δὲ
644 420 727 460 ἀνδςῖ,
743 420 838 457 μάτην
854 418 1067 460 ὅχλοκοποῦντι.

382 470 567 510 Ἀντισ-τξοφῆ
583 471 636 511 γὰρ
651 469 755 508 γίνεται
774 471 953 509 πραγμάτων
964 468 1005 507 τῷ
1019 468 1151 507 πολέμῳ.

381 521 493 550 Θάπτει
509 523 602 559 vra-rap
618 520 663 549 τὸν
677 521 766 550 παῖδα
777 522 843 560 γᾶς,
859 518 942 559 γὲξων
955 517 1002 548 τὸν
1016 518 1186 558 γηξοτςόφον.
1203 528 1231 547 κ.
1244 530 1271 546 τ.
1290 524 1319 546 λ.

172 619 396 669 Longiorem
417 619 504 657 ideo
529 621 654 658 locum
675 620 872 668 exscripsi,
892 633 969 668 quo
990 620 1124 658 melius
1150 632 1375 669 pernoscere
1405 621 1604 669 possimus,

170 692 260 717 num
292 680 416 717 valeat
447 680 684 730 conjectura,
720 688 910 730 quatenus
941 680 1076 730 legisse
1109 681 1302 725 Tzetzern‚
1338 693 1424 730 quae
1464 688 1604 725 narrat,

169 747 335 788 oportet.
392 742 491 778 Cum
511 748 637 778 autem
663 741 778 790 hujus
799 742 980 779 orationis
1002 741 1159 790 mentio,
1179 747 1359 791 quantum
1383 741 1482 789 ,mihi
1514 754 1604 779 sane

169 807 334 845 constat,
360 815 476 851 penes
502 809 695 840 auctorem
727 803 841 840 alium
874 803 974 840 haud
999 803 1235 852 reperiatur:
1265 802 1312 839 ad
1335 803 1494 839 alteram
1523 804 1605 852 περὶ

168 868 231 906 τῆς
253 862 484 905 δωδεκαετίας
505 877 551 900 eo
578 863 697 900 tutius
719 863 988 911 regrediemur.
1038 863 1175 901 Suidas
1195 863 1243 901 ad
1267 862 1500 913 Olympiada
1521 864 1606 900 mis-

168 935 246 960 sam
267 924 382 961 dicit:
413 924 451 960 ni
480 924 565 972 quis
595 924 656 961 bic
690 923 807 962 latere
840 924 1034 968 mendum,
1063 931 1101 961 et
1137 923 1394 975 olympiadem
1429 922 1605 970 indicari,

168 991 291 1034 putet,
311 986 422 1035 cujus
449 999 628 1023 numerus
657 986 773 1031 desit,
795 987 841 1024 ad
877 1000 988 1036 quam
1012 991 1137 1023 autem
1171 999 1288 1037 usque
1308 985 1424 1023 fuerit
1443 984 1605 1023 admini-

168 1051 283 1083 strata
310 1059 377 1095 per
410 1046 621 1084 Demadem
653 1046 880 1096 respublica.
940 1047 1131 1084 Neutrum
1161 1046 1496 1084 accommodatum
1534 1045 1606 1083 erit

166 1105 213 1142 ad
243 1105 494 1155 fragmentum
525 1107 707 1145 orationis
747 1107 937 1155 hodieque
971 1115 1190 1156 superstes:
1231 1121 1304 1145 nec
1333 1107 1434 1145 enim
1465 1106 1603 1157 Olym-

165 1167 304 1216 piadis,
322 1181 392 1204 nec
408 1168 684 1218 olympiadum,
701 1169 754 1206 ibi
772 1171 1087 1206 commemoratio
1104 1169 1281 1218 quaedam
1302 1168 1364 1212 fit;
1396 1168 1462 1205 sed
1482 1168 1604 1206 Athe·

165 1227 351 1265 niensium
370 1236 703 1278 congregatorum,
730 1235 767 1266 et
789 1237 961 1267 actarum
994 1242 1118 1267 rerum
1141 1229 1299 1267 ordinis.
1354 1231 1486 1266 Annos
1507 1242 1603 1279 quo-

165 1299 241 1338 que
270 1289 475 1328 duodecim
503 1290 603 1327 haud
639 1291 867 1334 invenimus;
901 1291 935 1328 ni
966 1297 1110 1341 partem
1133 1290 1362 1328 narrationis
1393 1289 1603 1327 desiderari

158 1349 389 1399 judicemus.
443 1351 580 1394 Quid?
607 1351 757 1401 opinari
788 1351 875 1400 quis
904 1359 1049 1401 posset,
1068 1351 1328 1401 ἀπολογισμὸν
1348 1350 1452 1388 illum
1473 1350 1602 1400 potius

163 1412 419 1449 narrationem
446 1412 662 1449 historicam
692 1413 913 1462 complecti,
935 1425 1050 1461 quam
1072 1413 1280 1449 solemnem
1308 1411 1535 1458 orationem,
1565 1417 1603 1448 et

163 1484 250 1509 eum
287 1473 480 1522 hodieque
520 1474 723 1523 superstite
765 1479 907 1510 temere
946 1472 1147 1510 confundi.
1215 1473 1489 1516 Occasionem,
1525 1484 1602 1521 qua

163 1533 303 1571 dixerit
322 1536 530 1572 orationem
551 1547 648 1579 eam,
670 1535 731 1571 vix
759 1534 870 1571 aliam
897 1535 1119 1584 reperimus,
1150 1546 1263 1583 quam
1284 1546 1362 1582 qua
1388 1533 1499 1570 simul
1522 1532 1600 1569 De-

163 1594 381 1632 mosthenes
401 1595 616 1644 δωροδοκίας
637 1608 658 1631 a
687 1594 930 1642 quibusdam,
957 1601 995 1632 et
1015 1608 1036 1632 a
1059 1595 1254 1632 Dinarcho
1280 1594 1517 1638 nominatim,
1534 1607 1599 1631 ac-

160 1655 380 1693 cusabatur.
437 1656 656 1693 Demetrius
682 1655 835 1705 quidem
869 1656 1045 1704 Magnes,
1075 1654 1140 1705 qui
1166 1655 1214 1691 de
1234 1654 1474 1702 homonymis
1505 1654 1600 1691 scri-

158 1715 249 1764 psit,
269 1716 551 1754 accusationem
571 1729 652 1753 esse
667 1715 851 1752 Dinarchi
874 1722 1000 1765 negat,
1023 1715 1125 1765 apud
1146 1715 1371 1765 Dionysium
1396 1714 1595 1751 Halicarn.

158 1776 197 1813 in
223 1776 351 1825 judic.
383 1777 432 1814 de
462 1777 670 1821 Dinarcho,
700 1790 734 1813 c.
765 1780 799 1813 1.
859 1776 946 1825 Ipse
977 1789 1067 1813 vero
1095 1775 1257 1826 Dionys.
1289 1775 1379 1812 Hal.
1403 1774 1428 1811 l.
1450 1787 1483 1812 c.
1506 1788 1540 1812 c.
1561 1778 1599 1813 9.

156 1837 315 1874 eandem
335 1837 390 1874 illi
410 1837 604 1875 vindicat:
636 1837 747 1886 cujus
771 1850 791 1874 a
812 1843 922 1886 parte
945 1836 1126 1874 libentius
1147 1837 1280 1880 stabo;
1309 1849 1396 1873 cum
1411 1842 1450 1873 et
1469 1835 1504 1873 in
1525 1836 1600 1873 alia

154 1897 325 1947 legitima
356 1901 501 1948 scripta
550 1898 772 1936 Demetrius
814 1897 1004 1935 involarit.
1077 1897 1122 1934 In
1157 1896 1380 1934 defensione
1416 1896 1599 1934 Demadis

155 1959 260 1997 nulla
285 1959 330 1996 fit
363 1960 522 2009 Harpali
546 1959 704 2004 mentio,
738 1959 802 2008 qui
835 1958 990 2009 Olymp.
1026 1957 1179 1995 CXIII.
1214 1961 1251 1995 2.
1283 1957 1453 1994 Athenas
1479 1956 1597 1994 venit.

157 2020 320 2058 Videtur
345 2028 471 2057 autem
497 2020 630 2057 saltem
657 2019 697 2056 id
730 2032 883 2056 curasse
907 2018 1116 2063 Demades,
1146 2024 1199 2062 ut,
1233 2018 1263 2054 si
1295 2017 1352 2053 vel
1384 2017 1599 2066 accepisset

157 2081 271 2126 dona,
292 2081 396 2130 quod
413 2094 497 2118 eum
518 2094 600 2118 esse
615 2080 832 2130 professum
850 2080 1069 2117 Dinarchus
1085 2078 1224 2127 jactat,
1248 2078 1341 2114 nihil
1358 2084 1485 2115 tamen
1509 2079 1596 2114 ideo

157 2156 197 2180 se
227 2150 360 2180 contra
391 2142 668 2191 rempublicam
693 2141 814 2191 egisse
844 2142 1081 2178 corroboret.
1139 2140 1300 2177 Causam
1332 2138 1499 2188 aliquam
1527 2139 1597 2176 ob-

157 2203 380 2248 scuriorem,
407 2210 494 2240 ante
514 2203 735 2240 Thebarum
763 2202 1083 2252 expugnationem
1111 2201 1161 2238 ab
1183 2200 1407 2238 Alexandro
1439 2199 1596 2243 factam,

156 2271 315 2314 propter
341 2264 542 2312 fragmenti
563 2267 592 2310 ξ).
619 2261 779 2302 35.'sibi
806 2262 1126 2312 concipientibus,
1158 2260 1363 2310 utrobique
1390 2259 1597 2296 duodecim

155 2337 340 2362 annorum
375 2325 539 2375 spatium
572 2323 854 2373 respiciendum
883 2329 1000 2360 esset.
1055 2322 1201 2359 Thebae
1240 2328 1329 2358 sunt
1366 2325 1597 2370 expugnatae

157 2386 315 2436 Olymp.
346 2386 452 2423 CXI.
475 2389 513 2422 2.
546 2385 650 2434 quod
686 2390 837 2434 tempus
858 2384 965 2435 justo
998 2383 1146 2432 longius
1176 2387 1292 2425 esset,
1328 2381 1359 2418 si
1388 2380 1472 2430 jam
1508 2386 1596 2417 ante

156 2448 315 2497 Olymp.
337 2447 487 2485 CVIII.
513 2447 620 2497 quod
648 2445 839 2484 innuimus
859 2456 986 2496 supra,
1007 2443 1202 2482 Demades
1228 2443 1439 2480 clarescere
1465 2441 1594 2490 coepit.

156 2508 285 2546 Multo
306 2508 462 2559 quidem
481 2509 604 2545 minus
623 2507 831 2545 duodecim
857 2519 1040 2544 annorum
1067 2512 1220 2556 tempus
1239 2505 1366 2542 vocari
1387 2509 1526 2553 potest,
1548 2501 1594 2539 ad

155 2583 354 2609 accessum
373 2570 553 2618 Harpali3
583 2568 621 2606 ni
641 2568 746 2618 quod
768 2567 931 2618 spatium
957 2566 1140 2617 temporis
1165 2564 1359 2603 excidisse
1385 2564 1595 2602 credamus.

157 2631 244 2670 Hoc
266 2645 378 2682 aeque
397 2631 552 2669 difficile
573 2631 680 2668 dictu
704 2629 834 2680 fuerit,
856 2642 969 2678 quam
990 2629 1147 2666 alterum
1170 2627 1278 2665 illud.
1335 2626 1445 2664 Tunc
1468 2631 1594 2662 autem

157 2692 307 2730 initium
340 2692 654 2731 constituendum
680 2691 754 2728 erit
778 2703 800 2727 a
831 2702 959 2740 pugna
984 2690 1212 2734 Chaeronea,
1230 2688 1291 2726 vel
1311 2687 1470 2737 Olymp.
1491 2685 1594 2728 CX..

159 2764 235 2801 qua
266 2752 459 2801 publicam
487 2751 856 2790 administrationem
891 2749 1059 2798 suscepit
1088 2747 1297 2794 Demades,
1330 2754 1442 2785 antea
1473 2745 1594 2781 solum

160 2818 302 2850 orator.
358 2813 446 2857 Fac,
464 2819 501 2850 et
519 2814 631 2850 alium
649 2812 687 2849 id
707 2811 964 2860 fragmentum
981 2808 1149 2855 finxisse,
1166 2808 1351 2860 quaelibet
1366 2814 1491 2844 tamen
1508 2817 1595 2841 cum

160 2872 319 2914 historia
337 2874 584 2920 conveniunt,
609 2886 724 2924 quam
749 2879 884 2911 auctor
906 2884 1021 2910 sanus
1047 2870 1272 2921 exploravit,
1311 2881 1357 2906 ne
1384 2866 1493 2916 quid,
1524 2865 1595 2905 hac

160 2933 274 2971 etiam
293 2933 341 2970 de
357 2940 480 2983 parte,
500 2941 741 2984 peccaretur.
800 2932 1000 2971 Dinarcho
1020 2945 1059 2982 p.
1079 2937 1144 2970 50.
1165 2931 1195 2969 si
1217 2929 1430 2971 credamus,
1452 2926 1482 2962 is
1502 2931 1594 2962 tunc

154 2993 212 3031 *ab
227 2993 397 3044 Harpalo
417 2994 540 3033 sexies
555 2995 657 3033 mille
676 3001 837 3033 stateres
856 3006 993 3032 aureos
1013 2992 1178 3042 accepit.
1218 2987 1411 3027 Notabilis
1432 2985 1594 3028 habetur

844 3066 919 3098 37(
