1981 3255
470 479 937 532 RAPHAELIS
978 481 1375 532 FIORILLO

742 605 1107 649 PRAEFATIO

589 720 709 773 AD
772 719 1242 775 HERODEM.

202 948 558 987 SEMPITERNAM
589 950 750 989 nominis
786 950 926 989 famam
955 950 1170 990 clarissimis
1208 949 1347 1001 ingenii
1382 950 1637 989 monumentis

199 1015 426 1047 consecutus
453 1015 511 1047 est
544 1011 721 1049 Herodes
755 1012 921 1059 Atticus,
952 1012 1016 1062 qui
1046 1011 1110 1049 illa
1138 1016 1366 1061 tempestate
1399 1010 1540 1058 floruit,
1561 1024 1638 1061 qua

199 1069 424 1108 Graecorum
462 1073 795 1123 Romanorumque
825 1073 1044 1123 scriptores,
1074 1073 1124 1110 ab
1155 1073 1321 1110 humano
1350 1072 1456 1111 cultu
1474 1071 1636 1121 jamjam

198 1131 380 1179 deficere,
413 1133 621 1171 litterarum
653 1134 780 1172 studia
813 1135 862 1172 ad
888 1135 1085 1172 interitum
1120 1147 1290 1184 vergere,
1325 1134 1474 1185 priscus
1504 1133 1637 1171 Graeci

197 1195 379 1232 sermonis
406 1196 508 1234 nitor
535 1197 744 1243 obscurari,
777 1210 822 1235 ac
852 1203 994 1248 poetae,
1032 1210 1109 1235 non
1142 1196 1356 1247 elegantias,
1387 1196 1561 1234 facilitati
1589 1208 1636 1234 ac

195 1256 340 1304 grafiae,
360 1269 446 1307 quae
467 1257 505 1294 in
524 1258 664 1295 Atticis
692 1264 891 1308 tantopere
921 1258 1128 1305 delectant,
1149 1258 1216 1296 sed
1248 1257 1388 1295 tumori
1416 1257 1569 1295 cuidam
1597 1262 1637 1295 et

194 1316 311 1354 nimio
330 1317 509 1367 inanique
528 1318 677 1356 ornatui
696 1318 851 1356 studere
871 1325 1080 1369 coeperant.
1136 1318 1221 1356 Hac
1240 1318 1357 1368 igitur
1375 1323 1487 1355 aetate
1506 1317 1636 1369 paullo

195 1377 412 1416 nitidiorem
433 1379 660 1424 orationem,
680 1392 807 1417 nonne
826 1379 960 1417 eadem
977 1379 1228 1417 admiratione
1251 1384 1290 1416 et
1321 1378 1453 1416 laetitia
1472 1378 1637 1429 excipia-

194 1451 294 1483 mus,
315 1451 390 1490 qua
411 1439 555 1476 stellam
577 1440 755 1484 solemus,
777 1439 988 1489 caliginosa
1008 1446 1121 1478 nocte
1141 1439 1366 1485 radiantem,
1387 1446 1453 1477 aut
1471 1439 1635 1489 egregiae

195 1499 345 1537 virtutis
364 1500 594 1550 exemplum,
609 1506 789 1550 corrupta
809 1500 846 1538 in
866 1501 1018 1538 civitate
1038 1500 1247 1550 prosequi?

250 1563 392 1612 Operae
419 1562 534 1612 igitur
558 1562 721 1613 pretium
755 1561 911 1600 omnino
942 1575 999 1599 me
1020 1562 1215 1600 facturum
1248 1574 1331 1599 esse
1360 1562 1507 1611 putavi,
1539 1574 1637 1599 nova

196 1623 417 1661 Carminum
436 1623 689 1673 Triopeorum
708 1622 874 1661 editione
894 1621 1092 1669 adornata,
1114 1621 1220 1673 quod
1241 1634 1318 1659 non
1339 1634 1450 1660 unam
1471 1621 1523 1659 ob
1545 1633 1636 1659 cau-

196 1697 275 1722 sam
295 1685 409 1734 digna
434 1697 478 1722 ea
499 1690 599 1731 sunt,
621 1689 661 1722 ut
687 1697 709 1722 a
729 1683 910 1722 studiosis
928 1683 1139 1722 litterarum
1158 1683 1381 1721 Graecarum
1400 1682 1635 1721 lectitentur.

247 1745 641 1791 Commentatorffius,
661 1744 727 1795 qui
746 1744 914 1783 carmina
933 1757 1019 1795 quae
1041 1750 1185 1782 restant
1203 1743 1282 1782 duo
1300 1743 1558 1789 illustrarunt,
1576 1756 1636 1781 me

193 1806 246 1844 ita
263 1806 487 1857 adjungere,
519 1812 562 1844 ut
593 1805 805 1856 proferrem
837 1805 998 1855 aliquid,
1019 1805 1123 1855 quod
1155 1818 1177 1842 a
1208 1805 1636 1851 Salmasio,Viscontio,

193 1867 353 1919 aliisque
372 1868 556 1906 intactum
578 1867 751 1905 relictum
771 1873 885 1913 esset,
914 1865 1088 1917 profiteri
1107 1866 1209 1906 haud
1230 1880 1344 1905 ausus
1361 1879 1460 1904 sum.
1506 1866 1635 1910 Quum

193 1941 286 1966 vero
303 1929 341 1966 in
369 1928 541 1979 legendis
561 1928 793 1965 carminibus
815 1927 959 1977 aliquid
982 1927 1165 1977 temporis
1183 1928 1499 1979 consumpserim,
1516 1927 1637 1965 multa

194 1989 231 2027 in
248 1994 413 2027 mentem
443 1988 535 2026 mihi
564 2001 715 2034 venere,
741 2001 826 2038 quae
857 1987 997 2038 partim
1026 1988 1076 2025 ad
1107 1987 1330 2027 illustranda
1360 1989 1439 2026 duo
1457 1988 1635 2034 carmina,

192 2051 330 2101 partim
350 2049 398 2088 ad
420 2049 601 2087 nonnulla
622 2049 781 2087 aliorum
803 2056 1000 2100 poetarum
1025 2049 1110 2087 loca
1134 2052 1349 2088 accuratius
1369 2048 1637 2100 cognoscenda

193 2111 377 2160 prodesse
402 2110 496 2148 mihi
534 2111 771 2148 videbantur.
828 2110 999 2160 Exposui
1033 2111 1146 2159 igitur
1176 2112 1213 2148 in
1242 2109 1636 2149 animadversionibus

195 2173 311 2219 verba
332 2178 475 2223 poetae,
491 2178 543 2218 et,
563 2171 594 2209 si
615 2184 693 2222 qua
718 2164 763 2209 e'x
784 2172 943 2209 aliorum
964 2172 1178 2210 imitatione
1198 2174 1325 2223 posita
1345 2172 1526 2218 viderem,
1545 2183 1635 2208 eno-

194 2234 284 2271 tavi.
339 2232 501 2272 Omnem
523 2233 689 2284 denique
722 2246 851 2271 curam
882 2233 1055 2280 adhibui,
1075 2247 1151 2271 non
1186 2233 1356 2283 quidem,
1382 2240 1438 2279 ut,
1470 2244 1558 2282 quae
1587 2231 1634 2268 ad

196 2295 391 2333 historiam
419 2301 545 2345 poetae
574 2301 764 2345 spectant,
783 2307 1012 2340 enarrarem,
1041 2295 1119 2333 sive
1142 2303 1183 2333 ut
1203 2295 1246 2333 iis
1274 2295 1382 2340 locis,
1411 2307 1499 2345 quae
1518 2307 1538 2331 e
1558 2294 1635 2331 Ro-

196 2369 306 2393 mana
327 2355 484 2393 historia
511 2355 598 2393 luce
624 2356 753 2406 aliqua
781 2355 993 2406 indigeant,
1014 2356 1138 2394 lucem
1159 2356 1410 2401 affunderem,
1434 2355 1517 2392 haec
1535 2353 1635 2392 enim

197 2418 420 2456 Viscontius
445 2416 529 2467 jam
559 2419 750 2468 apposuit,
771 2417 836 2455 sed
858 2423 900 2454 ut
921 2417 1036 2454 verba
1064 2417 1347 2468 sententiasque
1378 2415 1549 2467 poeticas
1578 2413 1635 2451 in-

198 2479 389 2530 dagarem,
407 2485 445 2516 et
475 2479 715 2516 illustrarem.
771 2478 968 2522 Quantum
991 2491 1081 2515 vero
1107 2478 1281 2515 utilitatis
1313 2491 1360 2515 ex
1390 2477 1521 2514 labore
1551 2488 1635 2512 meo

197 2540 247 2577 ad
282 2545 460 2591 poemata
497 2539 700 2584 redundet,
734 2545 887 2577 rectene
921 2538 957 2575 in
997 2538 1259 2587 dijudicandis
1297 2536 1636 2585 examinandisque

199 2601 434 2639 carminibus
452 2607 624 2639 versatus
640 2600 725 2646 sim,
745 2600 904 2636 aliorum
926 2599 1226 2647 estojudicium.

253 2663 352 2699 Ante
372 2674 461 2699 vero
480 2674 595 2712 quam
615 2662 662 2698 ad
684 2660 849 2698 carmina
868 2659 950 2708 ipsa
969 2659 1238 2710 transgrediar,
1269 2672 1344 2697 non
1372 2658 1534 2695 alienum
1565 2662 1635 2699 est,

201 2722 353 2760 brevem
386 2735 523 2769 rerum,
553 2736 641 2772 quae
669 2722 705 2758 in
741 2721 874 2759 libello
907 2721 1129 2766 obvenient,
1163 2721 1361 2770 imaginem
1394 2724 1482 2754 ante
1505 2716 1636 2754 oculos

201 2795 359 2832 ponere,
388 2795 433 2820 ac
460 2783 607 2820 diversa
638 2783 767 2832 capita
800 2782 984 2820 indicare.
1042 2781 1206 2819 Herodis
1232 2780 1357 2818 Attici
1390 2779 1502 2815 vitam
1527 2776 1635 2812 multi

201 2856 425 2893 exposuere,
451 2843 518 2883 sed
539 2857 649 2882 nemo
679 2844 726 2881 de
753 2858 798 2881 eo
825 2843 1039 2882 accuratius
1071 2843 1148 2893 egit
1183 2843 1242 2880 Cl.
1263 2838 1538 2881 Eichstaedtio,
1570 2837 1635 2887 qui
