1981 3255
331 211 414 251 566
863 213 942 254 DE
975 194 1224 255 HERODE

330 323 501 368 Lucium,
522 323 731 373 sapientem
755 324 873 361 virum
901 334 939 362 et
958 325 1118 363 facetum
1139 330 1192 372 (v.
1220 325 1434 362 Philostrat.
1461 336 1499 373 p.
1521 326 1609 360 556.
1629 325 1747 372 sqq.)‚

329 383 556 433 discipulum
584 384 766 431 Musonii‚
796 386 918 436 Tyrii,
948 398 1018 424 nec
1048 386 1238 424 diversum
1268 385 1436 423 fortassis
1467 398 1489 422 a
1515 384 1648 429 Lucio,
1678 385 1748 422 Pa-

329 446 457 492 trensi,
490 446 548 484 vel
577 446 660 496 ipso
691 447 871 492 Luciam,
904 448 970 496 qui
999 453 1035 485 et
1068 448 1148 497 ipse
1180 448 1336 490 Λούκιος
1367 446 1555 484 interdum
1591 445 1745 484 dicitur.

328 506 432 545 Filiae
448 506 550 546 fuere
565 507 817 553 Panathenais
837 515 874 545 et
895 508 1082 558 Elpinice,
1104 521 1198 559 quas
1217 515 1338 546 morte
1359 514 1508 557 ereptas
1535 507 1604 544 sibi
1623 507 1744 545 incre-

326 566 498 605 dibiliter
515 568 621 614 luxit,
641 575 679 606 et
704 567 801 605 filius
819 568 986 605 Atticus²
1006 570 1056 617 (v.
1080 568 1300 606 Philostrat.
1321 581 1358 618 p.
1379 569 1502 616 558.),
1521 574 1597 605 tam
1624 567 1745 617 stupi-

325 627 409 673 dus,
430 635 472 666 ut
492 628 624 680 viginti
646 635 810 679 quatuor
827 641 964 678 pueros
984 628 1147 679 aequales
1175 629 1247 679 ipsi
1272 628 1536 677 adjungendos
1557 628 1746 678 putaverit

324 694 446 738 pater,
468 689 678 728 litterarum
703 689 914 739 appellatos
940 690 1168 736 nominibus,
1188 695 1228 727 ut
1251 701 1320 739 per
1337 688 1404 725 hos
1424 690 1579 726 tandem
1597 689 1744 726 littera·

324 761 407 787 rum
433 751 649 789 addisceret
680 750 949 788 rudimentum.
1002 752 1032 788 E
1050 750 1199 788 famulis
1219 750 1402 796 Achilles,
1422 749 1572 797 Pollux,
1599 757 1639 788 et
1660 751 1745 787 Me—

324 824 437 849 mnon
457 813 633 862 AEthiops
652 813 701 860 (v.
725 812 942 850 Philostrat.
964 824 1002 861 p.
1026 816 1114 850 558.
1135 818 1173 850 et
1198 811 1272 849 III.
1291 816 1328 850 3.
1349 810 1398 848 de
1425 811 1500 848 vita
1519 810 1744 860 Apollonii),

325 884 487 921 quorum
514 872 662 910 obitum
688 872 818 909 itidem
844 872 934 910 tulit
960 872 1311 922 impatientissime:
1340 871 1499 908 libertus
1518 871 1743 909 Alcimedon

323 939 375 983 (v.
403 935 622 973 Philostrat.
646 948 684 986 p.
711 939 801 973 560.
827 936 902 985 sq.)
920 935 1073 985 aliique.
1131 935 1321 985 Discipuli
1346 933 1565 982 Amphicles
1591 932 1744 970 Chalci·

324 996 450 1033 densis
467 999 518 1042 (v.
541 996 764 1034 Philostrat.
784 998 820 1033 in
841 997 916 1033 vita
936 996 1102 1044 Philagri
1121 1009 1159 1046 p.
1180 999 1270 1036 578.
1291 995 1378 1045 sq.)‚
1402 995 1562 1044 Sceptus
1581 996 1627 1041 (s.
1654 994 1743 1030 Sce-

323 1063 424 1107 pteS,
447 1057 679 1103 Corinthius,
701 1071 735 1095 v,
758 1058 936 1096 Philostr.
963 1058 1000 1095 in
1021 1057 1096 1094 vita
1116 1055 1324 1094 Alexandri
1343 1068 1382 1106 p.
1404 1059 1493 1095 573.
1516 1062 1554 1092 et
1574 1054 1744 1092 Eudocia

323 1118 361 1156 in
381 1119 599 1156 Alexandro
618 1132 656 1169 p.
678 1120 759 1166 53.)
779 1125 817 1156 et
837 1118 1041 1164 Adrianus,
1060 1118 1199 1168 Tyrius
1218 1117 1299 1167 (qui
1319 1128 1515 1154 successor
1534 1115 1616 1165 ejus
1631 1115 1743 1152 etiam

324 1192 396 1229 pro
426 1179 557 1217 funere
587 1179 780 1217 Herodem
814 1177 995 1225 laudavit,
1030 1184 1126 1217 teste
1156 1178 1386 1216 Philostrato
1414 1177 1451 1214 in
1482 1176 1559 1214 vita
1591 1175 1745 1213 Adriani

324 1254 365 1291 p.
379 1245 484 1286 586„
501 1248 539 1278 et
557 1241 859 1279 auscultantibus
874 1240 1171 1278 Atheniensibus
1192 1240 1377 1290 lacrymas
1397 1237 1604 1287 expressit),
1624 1236 1744 1274 Chre-

325 1308 418 1347 stus,
441 1303 685 1353 Byzantinus,
705 1302 842 1352 aliique
862 1301 1013 1344 infiniti,
1028 1308 1140 1351 atque
1162 1301 1198 1337 in
1219 1300 1275 1336 his
1295 1300 1407 1336 etiam
1426 1300 1472 1336 A.
1493 1297 1656 1343 Gellius,
1678 1297 1743 1346 qui

325 1363 363 1400 in
386 1364 580 1401 Noctibus
599 1363 738 1401 Atticis
764 1361 928 1399 Herodis
951 1374 1037 1398 curn
1064 1360 1175 1398 laude
1195 1360 1421 1397 mentionem
1447 1357 1541 1396 facit
1566 1357 1744 1408 dietaque

326 1423 409 1473 ejus
429 1424 606 1461 nonnulla
626 1422 753 1460 refert.
786 1423 905 1470 (Loca
925 1428 1025 1466 sunt,
1048 1421 1079 1458 Ι.
1099 1424 1137 1458 2.
1157 1421 1229 1458 ΙΧ.
1249 1423 1287 1457 2.
1309 1419 1420 1456 XIX.
1441 1420 1523 1466 12.)
1549 1418 1744 1467 Eloquen-

327 1487 378 1523 tia
400 1486 568 1535 apprime
586 1484 720 1529 valuit,
743 1484 794 1521 ita
822 1490 863 1521 ut
891 1495 1003 1520 unum
1028 1497 1073 1520 ex
1098 1481 1262 1531 antiquis
1285 1480 1416 1517 decem
1438 1478 1667 1516 Oratoribus
1687 1491 1745 1515 re—

328 1546 426 1584 ferre
440 1545 631 1584 diceretur
647 1547 698 1593 (V.
716 1545 937 1581 Philostrat.
956 1543 993 1580 in
1010 1542 1163 1580 Herode
1183 1554 1221 1590 p.
1235 1541 1356 1588 564),
1377 1546 1413 1577 et
1431 1538 1608 1588 βασιλεὺς
1623 1541 1748 1587 λόγων

329 1613 486 1645 vocatus
506 1606 554 1643 sit
568 1606 617 1642 ab
633 1605 803 1642 Adriano
817 1611 856 1642 et
875 1603 974 1641 Rufo
997 1603 1191 1641 Perinthio
1209 1605 1266 1651 (v.
1287 1601 1507 1639 Philostrat.
1526 1601 1563 1638 in
1579 1600 1748 1638 Adriano

328 1681 369 1718 p.
396 1672 484 1705 586.
510 1673 547 1705 et
574 1667 609 1703 in
638 1665 738 1704 Rufo
765 1678 802 1715 p.
831 1665 951 1714 589.)‚
977 1672 1091 1713 atque
1115 1664 1305 1708 Ἑλλήνων
1332 1666 1488 1712 γλῶσσα
1511 1661 1684 1712 (ibidem,
1709 1674 1748 1712 p.

330 1730 469 1777 598.).³
497 1728 641 1766 Docuit
655 1727 818 1765 Athenis
833 1727 999 1777 obiitque
1019 1739 1064 1763 ex
1085 1724 1186 1770 tabe,
1203 1724 1430 1763 Marathone
1450 1723 1488 1760 in
1503 1723 1637 1773 patria,
1650 1734 1749 1760 anno

327 1838 461 1875 putabat,
477 1837 524 1867 M.
541 1836 655 1865 Atilius
676 1836 827 1871 Bmduas,
843 1836 955 1875 quippe
971 1836 1020 1874 qni

328 1879 502 1908 consulatus
525 1879 686 1908 bonoribus
712 1889 787 1908 anno
810 1879 930 1907 demum
951 1882 1021 1910 185.

330 1922 449 1951 functus
478 1926 534 1951 est.
559 1921 622 1950 vid.
653 1922 785 1960 praeced.
815 1925 875 1950 not.
906 1921 952 1961 (n.
976 1920 1023 1959 7.)

329 1965 467 1995 Erensr.

371 2006 380 2024 ¹
406 2007 441 2035 V.
473 2006 647 2037 Philostrat.
675 2016 704 2043 p.
732 2006 804 2035 559.
831 2005 948 2034 Fabric.
975 2005 1020 2034 De

329 2049 488 2085 Quintiliis
517 2049 575 2077 cnf.
613 2048 732 2077 omnino
760 2047 923 2076 Tillernont
965 2047 1021 2076 Hi-

329 2091 422 2121 stoire
445 2093 498 2122 des
519 2091 703 2129 Empereurs
726 2091 813 2120 Tom.
832 2090 877 2119 11.
900 2100 931 2129 p.
947 2091 1021 2120 3⁴20.

331 2135 347 2163 I
378 2144 438 2164 ΕΜ.

352 2145 386 2194 D²
408 2175 582 2205 Philostrati
608 2174 809 2204 testimonium
833 2179 954 2203 secutus
974 2178 1022 2203 est

330 2219 499 2248 Fabricius.
543 2218 603 2247 Sed
627 2223 751 2257 quatuor
770 2216 881 2245 liberos
905 2217 1021 2246 Herodi

330 2260 437 2290 tribuit
457 2267 558 2290 auctor
581 2259 791 2297 Inscriptionis
815 2259 951 2297 Triopeae
973 2268 1020 2287 se-

331 2303 435 2331 cundae
458 2314 487 2332 v.
508 2305 558 2333 15.
602 2304 696 2339 Quam
719 2301 756 2329 ob
779 2311 840 2329 rem
857 2301 910 2330 viri
927 2301 1020 2335 docti,

331 2346 469 2383 quoniam
485 2345 562 2383 apud
579 2344 791 2373 philostratum
807 2343 949 2381 legerant,
963 2344 1020 2372 Re-

331 2388 445 2425 gillam,
462 2397 583 2416 uxorem
602 2385 746 2421 Herodis,
763 2385 930 2414 decessisse
946 2395 1021 2424 prae-

332 2434 479 2467 gnanteni,
491 2434 518 2458 et
532 2429 626 2468 partui
641 2428 779 2463 vicinam,
792 2428 832 2456 ita
842 2429 1021 2457 conabantur

330 2472 411 2501 litem
437 2482 624 2510 componere,
646 2476 677 2499 ut
699 2471 801 2500 foetum
821 2469 915 2505 illurn,
933 2481 1019 2509 quem

331 2513 360 2543 in
377 2518 461 2542 utero
478 2515 596 2551 gerebat
614 2511 866 2551 Regilla‚quique
879 2514 1021 2551 curnipsa

332 2555 432 2596 periit,
449 2556 524 2584 inter
546 2555 669 2589 liberos,
687 2555 802 2584 Herodi
827 2561 959 2594 ereptos,
975 2566 1022 2584 re—

332 2599 445 2628 censeri
472 2598 508 2626 ab
538 2603 658 2625 auctore
682 2596 887 2637 inscriptionis
909 2602 1020 2627 statue-

331 2645 409 2675 rent,
426 2651 455 2670 v.
471 2639 596 2669 Salmas.
616 2639 644 2668 in
670 2640 770 2668 Crenii
788 2639 900 2669 Museo
915 2640 1019 2678 philol.

331 2684 376 2713 11.
394 2683 543 2722 pug.146.
581 2682 689 2710 Verum
703 2688 781 2712 recte
795 2681 869 2710 vidit
884 2683 1019 2712 visconti

331 2726 378 2766 (in
392 2724 611 2755 Commentario
622 2724 657 2752 ad
675 2723 740 2751 illas
759 2724 910 2762 inscriptt.
929 2736 956 2763 p.
971 2729 1020 2755 81.

332 2768 402 2798 coll.
421 2768 537 2797 l'rael'at.
556 2777 585 2806 p.
602 2765 650 2803 4.)
667 2766 754 2794 etiarn
772 2766 799 2794 in
819 2767 939 2795 Luciani
960 2769 1019 2796 De.-

332 2817 466 2840 rnonacte
501 2809 544 2850 (ᾗ.
567 2811 616 2839 25.
643 2809 728 2836 Tom.
756 2807 794 2835 V.
819 2818 849 2847 p.
875 2811 945 2838 2¹43.
972 2810 1019 2838 ed.

332 2852 486 2892 Bipont.)‚
498 2850 756 2891 praeterAtticum.
767 2851 920 2879 memorari
931 2851 1018 2880 alium

332 2896 423 2925 filium
444 2894 585 2929 Herodis,
603 2903 689 2932 quem
706 2897 735 2921 et
755 2892 849 2930 ipsum
867 2893 1020 2922 immatura

331 2943 425 2967 rnorte
453 2937 510 2966 sibi
538 2942 683 2975 ereptum,
707 2934 825 2963 luxerit.
882 2936 959 2973 Ergo
981 2946 1016 2964 cx

331 2980 375 3009 bis
395 2980 524 3014 indiciis.
548 2980 625 3018 quod
660 2977 859 3008 Philostratus
886 2977 1018 3009 tradidit.

1053 1834 1255 1872 retingendum
1273 1838 1331 1862 est.
1355 1833 1458 1862 IDEM.

1095 1877 1108 1895 ³
1131 1877 1228 1906 Etiam
1259 1878 1380 1913 γλῶσσα.
1408 1873 1520 1904 Ἀθηνῶν
1548 1873 1579 1902 ἰη
1607 1872 1747 1912 inscript.

1053 1919 1184 1957 Triopea
1207 1919 1252 1948 ll.
1275 1928 1304 1947 v.
1327 1919 1378 1947 37.
1403 1927 1418 1946 e
1446 1915 1574 1946 rectiore
1593 1915 1746 1953 interpun—

1054 1961 1152 1991 ctione
1163 1960 1312 1990 Visconti.
1336 1961 1439 1990 Inmu.
1480 1960 1598 1996 Quanta
1613 1962 1643 1986 et.
1658 1967 1744 1996 quam

1054 2004 1130 2033 mira
1153 2003 1290 2041 variaque
1314 2001 1434 2031 dicendi
1459 2001 1503 2036 vi,
1524 2005 1555 2028 et
1577 2000 1745 2028 amoenitate

1054 2046 1192 2080 valuerit,
1207 2045 1392 2084 exemplum,
1404 2044 1484 2082 qnod
1499 2041 1699 2071 Philostratus
1713 2042 1744 2071 in

1054 2089 1239 2121 Alexandw,
1260 2098 1285 2116 s.
1307 2087 1345 2116 de
1366 2086 1422 2116 vit.
1435 2084 1576 2122 sophim.
1599 2083 1681 2112 Libr.
1698 2085 1744 2113 11.

1054 2141 1080 2160 c.
1107 2132 1142 2160 V.
1171 2135 1244 2160 sect.
1271 2131 1301 2160 3.
1326 2129 1432 2167 amplis
1458 2126 1557 2155 verbis
1584 2126 1744 2161 enarravit,

1054 2174 1171 2203 abunde
1187 2173 1330 2202 declarat.
1369 2172 1441 2200 Nam
1456 2167 1642 2203 Alexander,
1658 2179 1744 2207 quem

1055 2217 1146 2255 vulgo
1171 2215 1390 2253 Peloplatonem
1413 2211 1542 2250 (luteum
1567 2210 1744 2251 Platonem)

1055 2258 1313 2296 cognominabant,
1329 2253 1464 2285 Seleucia
1479 2253 1508 2281 in
1525 2252 1632 2282 Cilicia
1647 2258 1744 2289 ortus,

1053 2301 1193 2339 Sophista
1216 2298 1353 2332 celebris,
1375 2296 1423 2334 qui
1448 2295 1606 2324 maximam
1630 2301 1744 2335 partem

1055 2342 1223 2372 Antiochiae
1239 2339 1354 2370 scholas
1371 2337 1486 2376 habuit,
1505 2343 1534 2367 et
1551 2338 1654 2367 Romae
1670 2338 1743 2368 'rnr-

1055 2387 1140 2423 sique
1157 2390 1187 2414 et
1201 2383 1335 2413 omnibus
1350 2381 1475 2419 AEgypti
1492 2380 1638 2419 partibus,
1653 2390 1742 2418 qnam

1054 2427 1188 2457 Athenas
1204 2424 1349 2459 venisset,
1366 2423 1402 2452 ad
1419 2422 1584 2458 Herodem,
1599 2423 1627 2451 in
1644 2423 1744 2451 Mara-

1054 2470 1142 2499 thone
1158 2470 1379 2500 commoratum,
1402 2465 1481 2495 misit
1495 2465 1619 2499 litteras,
1633 2465 1743 2501 quibus

1054 2513 1173 2542 Graeeos
1194 2512 1239 2549 (n.
1257 2508 1432 2546 Discipulos
1449 2505 1599 2544 Herodis)
1619 2506 1654 2534 ad
1679 2516 1742 2536 oer-

1054 2559 1150 2583 tamen
1164 2551 1360 2591 sophisticum
1372 2550 1527 2580 excitaret.
1560 2547 1744 2584 Alexander,

1054 2607 1141 2636 quum
1167 2601 1234 2624 ante
1258 2593 1389 2623 Herodis
1413 2592 1571 2620 adventum
1595 2590 1743 2629 elegantia

1053 2638 1195 2668 orationis
1219 2642 1249 2666 et
1271 2635 1336 2665 soni
1359 2634 1503 2663 varietate
1529 2632 1682 2661 auditores
1703 2634 1741 2662 ad

1053 2681 1273 2710 admirationem
1290 2677 1448 2715 rapuisset,
1469 2680 1498 2704 at
1515 2679 1620 2712 postea
1635 2685 1739 2713 super.

1054 2723 1218 2752 venientem
1237 2719 1386 2750 Herodem
1405 2727 1471 2745 cum
1494 2717 1521 2745 vi
1545 2721 1574 2745 et
1593 2717 1740 2747 suavitate

1052 2765 1197 2794 (licentem
1229 2762 1373 2795 audisset,
1410 2760 1540 2794 demum,
1573 2769 1738 2797 quanquam

1053 2815 1192 2844 arrogans
1213 2804 1351 2842 elatoque
1372 2807 1452 2831 esset
1468 2802 1574 2837 animo,
1591 2801 1740 2831 exclama·

1054 2850 1132 2878 visse
1162 2847 1289 2875 dicitur:
1323 2846 1369 2873 Ὀ
1400 2845 1551 2878 Herodes,
1578 2844 1742 2882 fragmenta

1053 2891 1095 2919 tui
1111 2899 1211 2919 sumus
1224 2898 1277 2917 nos
1290 2898 1391 2916 onmes
1401 2884 1574 2926 Sophistae.'
1609 2886 1740 2916 Eandem

1053 2932 1202 2962 historiam
1223 2941 1258 2960 ex
1278 2931 1454 2959 Philostrato
1479 2928 1621 2963 liudocim
1643 2938 1672 2966 p.
1688 2930 1738 2959 52.

1053 2986 1096 3013 sq.
1125 2975 1164 3004 ita
1193 2973 1374 3011 exscriptam
1407 2971 1550 3005 reddidit,
1580 2976 1610 2999 nt
1641 2970 1740 3009 paullo
