1981 3255
713 191 1108 235 SUMMARIUM.
1544 187 1631 227 386-

195 305 246 343 Hi
262 307 423 345 'mittunt
440 307 651 357 TyrtaeuQ
672 305 739 355 qui
758 317 826 342 sua
846 304 1116 342 cohortatione
1136 303 1188 341 ita
1212 301 1453 344 confirmavit
1473 300 1623 339 illorum

193 368 354 416 animos,
373 376 414 407 ut
429 368 625 406 victoriam
641 372 889 417 reportarent
903 381 912 410 ;
935 379 1054 416 quare
1068 363 1367 408 Lacedaemonii,
1383 362 1450 412 qui
1463 368 1624 400 caeteros

192 439 326 481 poetas
347 445 422 469 nou
443 432 589 481 legunt,
609 431 736 468 adhuc
757 430 793 467 in
818 431 952 468 castris
972 428 1176 468 convenire
1196 427 1318 465 solent
1338 426 1503 463 audituri
1522 426 1623 475 Tyr-

192 495 255 532 taei
277 502 466 545 poemata.
488 497 545 544 (c.
566 498 650 542 28.)
704 495 754 531 Et
773 500 877 531 recte
899 494 952 530 sic
970 499 1112 543 agunt:
1144 504 1229 528 nam
1250 503 1296 527 ex
1315 502 1361 526 eo
1382 495 1552 537 tempore
1572 487 1625 524 ita

190 555 239 593 ad
263 555 524 593 fortitudinem
550 555 704 606 impulsi
731 561 818 592 sunt
846 553 1035 604 Spartani,
1056 559 1098 591 ut
1123 552 1171 590 de
1198 550 1358 600 imperio
1385 561 1472 586 cum
1497 554 1627 585 nostra

190 615 344 653 civitate
366 622 511 654 certare
532 616 727 654 auderent.
776 616 859 653 Nec
880 622 1035 652 temere.
1082 613 1339 651 Athenienses
1360 609 1459 647 enim
1479 608 1624 646 exerci-

189 682 270 714 tum
292 677 563 714 Medorum-ad
583 677 813 715 Marathona
831 676 1104 726 profligarunt3
1137 670 1419 711 Lacedaemonii
1436 675 1571 708 contra
1588 669 1624 706 in

188 736 461 787 Thermopylis
479 738 617 776 virtute
637 737 750 787 longe
771 737 948 775 omnibus
969 735 1285 774 antecelluerunt.
1305 736 1354 780 (c.
1375 734 1456 779 29.)

244 797 416 846 Majores
448 799 568 836 nostri
599 799 817 849 proditores
848 804 969 835 morte
1000 797 1252 834 mulctabant.
1309 793 1550 843 Phrynichus
1577 794 1626 829 ab

191 859 431 908 Apollodoro
451 866 491 897 et
510 859 754 910 Thrasybulo
774 865 891 896 noctu
910 858 1133 896 interfectus
1154 863 1223 895 est.
1255 856 1306 893 Hi
1327 868 1444 905 quum
1466 854 1515 892 ab
1534 853 1628 891 ami-

191 919 246 957 cis
266 919 458 958 interfecti
482 921 747 971 comprehensi
774 927 915 965 essent,
938 920 1184 970 populusque
1211 932 1250 956 re
1280 917 1442 967 quaesita
1472 928 1629 965 compe·-

191 979 317 1025 risset‚
342 981 599 1033 Phrynichum
633 980 867 1032 proditorem
898 980 1027 1027 fuisse,
1058 979 1266 1028 statuebat,
1294 991 1382 1015 ossa
1410 976 1629 1026 interempti

192 1048 298 1079 extra
319 1048 454 1080 terram
478 1043 652 1081 Atticam
671 1048 976 1092 exportarentur,
996 1047 1048 1086 et,
1071 1041 1138 1091 qui
1165 1053 1249 1077 eum
1279 1038 1545 1083 defenderent,
1565 1050 1628 1074 ea-

192 1102 278 1140 dem
300 1109 500 1141 teneantur
513 1116 637 1153 poena.
669 1103 756 1141 Hoc
773 1103 888 1141 modo
904 1102 1081 1152 peribant
1095 1101 1343 1139 Aristarchus
1364 1105 1401 1136 et
1421 1097 1626 1135 Alexicles.

189 1163 241 1211 (c.
277 1164 360 1211 30.)
421 1164 638 1214 Hipparchi
665 1177 754 1202 vero
789 1170 967 1208 statuam,
999 1176 1117 1213 quum
1147 1162 1230 1212 ipse
1260 1158 1493 1199 defensionis
1525 1158 1628 1196 diem

190 1223 425 1274 reliquisset,
444 1225 671 1271 conflarunt,
692 1239 739 1263 ex
761 1238 838 1263 aere
859 1225 1075 1263 columnam
1096 1224 1283 1275 fecerunt,
1304 1222 1629 1265 etdecreverunt,

193 1284 230 1321 in
251 1297 293 1322 ea
315 1286 519 1323 scribenda
541 1299 624 1324 esse
651 1286 819 1324 omnium
847 1287 1116 1323 damnatorum
1136 1293 1175 1322 et
1197 1283 1438 1334 proditorum
1462 1282 1631 1319 nomina.

195 1345 302 1383 Idem
322 1347 607 1385 statuebantde
628 1347 788 1393 civibus,
809 1347 877 1396 qui
897 1346 945 1384 ad
968 1346 1097 1383 hostes
1115 1345 1156 1388 ‚in
1184 1345 1391 1382 Deceleam
1415 1343 1632 1392 transfuge-

194 1413 303 1445 rant:
331 1407 363 1445 si
382 1408 467 1458 quis
493 1421 624 1446 eorum
650 1409 806 1454 rediret,
826 1408 1122 1446 cuilibet-licere
1142 1406 1189 1444 ad
1210 1406 1454 1455 magistratus
1474 1404 1543 1441 hus
1563 1403 1632 1441 ad-

195 1467 351 1515 ducere,
373 1476 414 1507 ut
437 1470 734 1508 trucidarentur.
790 1469 852 1507 Sic
883 1476 970 1519 post
996 1468 1221 1507 interfectos
1249 1467 1403 1517 triginta
1431 1466 1633 1517 Tyrannus

189 1530 376 1580 jurabant
393 1545 401 1570 :
431 1533 461 1569 si
481 1533 567 1582 quis
587 1533 835 1583 imposterum
857 1532 988 1569 urbem
1010 1531 1164 1581 prodat,
1180 1530 1238 1567 vel
1253 1529 1478 1580 popularem
1491 1534 1634 1566 statum

196 1593 405 1638 concutiat,
425 1593 525 1630 hune
548 1592 838 1631 licite·interfici
866 1593 914 1629 ab
942 1592 1130 1636 omnibus,
1152 1591 1376 1640 quicunque
1395 1590 1433 1627 id
1455 1588 1634 1640 provide-

197 1652 287 1691 rint.
342 1654 454 1691 Hanc
475 1654 590 1704 igitur
611 1653 796 1702 majorum
818 1653 1060 1690 severitatem
1082 1651 1442 1700 imitenturjudices
1462 1651 1500 1687 in
1521 1663 1637 1688 causa

197 1711 407 1761 Leocratis,
436 1729 634 1761 memores,
661 1729 702 1754 se
730 1716 766 1752 in
796 1715 1054 1764 Demophanti
1086 1714 1284 1752 decr-etum
1309 1712 1478 1761 jurasse,
1497 1712 1534 1750 in
1556 1725 1636 1762 quo

198 1782 274 1814 est:
302 1776 460 1827 capitali
476 1776 667 1827 supplicio
683 1776 888 1814 affecturos
908 1789 991 1813 esse
1004 1775 1158 1824 judices
1176 1787 1458 1825 quemcunque,
1473 1774 1635 1824 patriam

197 1838 323 1875 verbis
345 1851 411 1876 seu
432 1838 547 1876 factis
567 1837 730 1888 prodere
750 1845 966 1875 conantem.
984 1840 1037 1886 (c.
1057 1841 1124 1875 30.
1146 1838 1227 1884 31.)

250 1899 357 1936 Idem
373 1899 657 1937 Lacedaemonii
675 1905 842 1936 statuere
862 1898 911 1935 de
931 1897 1195 1947 proditoribus
1215 1895 1365 1947 patriae.
1395 1896 1636 1942 Pausaniam,

200 1959 267 2010 qui
296 1960 491 1998 Mardonii
518 1960 725 1998 exercitum
753 1960 1034 2009 profligaverat,
1054 1972 1171 2008 quum
1199 1964 1334 2008 postea
1361 1970 1516 2007 regnum
1549 1958 1639 1996 affe-

200 2027 337 2066 ctaret,
356 2028 394 2059 et
414 2021 614 2059 Graeciam
635 2021 760 2059 Persis
788 2021 948 2071 prodere
969 2020 1098 2065 vellet,
1118 2020 1155 2056 in
1177 2019 1321 2069 templo
1342 2018 1524 2064 Palladis,
1546 2018 1639 2056 fori-

202 2082 274 2120 bus
302 2081 386 2131 ejus
417 2083 638 2129 obstructis,
664 2082 764 2120 fame
799 2081 1045 2119 occiderunt:
1083 2094 1167 2118 nam
1202 2094 1250 2118 ne
1286 2080 1444 2118 deorum
1481 2080 1640 2130 quidem

202 2143 347 2194 templa
377 2144 607 2194 proditor-es,
639 2143 705 2194 qui
736 2143 924 2181 violarunt
951 2142 1119 2189 numina,
1153 2148 1316 2193 possunt
1348 2141 1460 2179 tueri.
1515 2142 1640 2182 Simul

201 2204 324 2256 legem
345 2205 528 2253 tulerunt,
549 2219 636 2256 quae
661 2205 779 2252 cives,
803 2205 868 2255 qui
892 2216 1063 2255 pugnare
1084 2216 1154 2254 pro
1174 2203 1299 2254 patria
1318 2202 1452 2250 nolint,
1473 2202 1640 2242 interfici

198 2267 324 2319 jubet.
343 2270 394 2315 (c.
414 2268 498 2315 32.)

259 2329 310 2367 Et
335 2342 423 2367 vere
450 2329 495 2374 is,
515 2328 581 2377 qui
609 2328 772 2380 patriam
801 2327 947 2379 prodit,
968 2327 1058 2377 jura
1085 2327 1253 2365 omnium
1286 2326 1453 2377 projicit,
1481 2339 1643 2377 quorum

204 2404 339 2430 sensus
364 2390 479 2429 etiam
506 2390 543 2427 in
572 2390 721 2428 caeteris
747 2390 1006 2429 animantibus
1025 2389 1173 2427 ratione
1193 2388 1415 2426 carentibus
1435 2388 1559 2426 inesse
1578 2387 1645 2425 de-

205 2452 470 2503 prehenditur.
527 2452 657 2495 Quare
684 2464 815 2489 omnes
835 2452 1061 2489 Leocratem
1083 2450 1349 2488 detestantur:
1379 2449 1483 2487 nulla
1507 2449 1643 2487 civitas

207 2513 296 2552 huic
323 2512 559 2551 domilicium
592 2513 764 2562 praebere
790 2512 928 2550 voluit.
979 2511 1082 2555 Quid
1112 2510 1253 2561 igitur?
1283 2510 1578 2561 Deprehensum
1604 2515 1645 2548 et

207 2577 439 2622 convictum,
461 2589 585 2614 nonne
606 2575 820 2613 occidetis‘e
849 2577 901 2625 (c.
922 2577 987 2611 33.
1008 2573 1088 2621 34.)

262 2639 448 2676 P-atronos
478 2644 607 2675 autem
641 2637 695 2674 rei
725 2642 857 2673 monet
888 2635 1060 2672 Orator:
1092 2632 1223 2671 'animo
1258 2637 1451 2681 reputent,
1484 2635 1645 2681 propter

209 2699 413 2738 amiticiam
429 2699 658 2739 Leocratem
679 2711 719 2735 se
739 2710 815 2735 non
828 2709 948 2747 *posse
969 2694 1194 2737 defendere3
1218 2707 1303 2731 nam
1320 2692 1495 2731 scelerati
1514 2690 1643 2740 cujus-

213 2771 287 2809 que
307 2760 448 2798 amicus
469 2772 616 2797 morum
637 2758 924 2796 similitudinem
947 2755 1112 2807 prodere
1132 2755 1297 2792 videtur.
1334 2755 1456 2791 Immo
1475 2759 1514 2790 et
1535 2757 1644 2802 pater

214 2819 347 2870 ipsius,
369 2820 789 2869 cujusmonnmentum
811 2824 938 2857 exstat
965 2816 1112 2854 in2aede
1132 2815 1306 2861 Jovis,-si
1325 2814 1411 2865 quis
1432 2825 1554 2851 rerum
1575 2824 1642 2847 no-

215 2887 374 2920 strarum
395 2894 525 2923 sensus
543 2882 656 2921 estin
678 2881 851 2926 mortuis,
872 2879 940 2918 filii
960 2878 1182 2919 durissimus
1198 2876 1322 2926 judex
1341 2875 1425 2913 erit.
1479 2873 1548 2910 Sin
1568 2871 1644 2916 alii,

214 2941 392 2979 mercede
413 2943 619 2992 -condunti,
639 2949 872 2984 *accusatum
900 2939 1106 2979 defendere
1134 2938 1262 2983 velint,
1290 2936 1328 2974 hi
1360 2940 1529 2973 extremo
1554 2943 1644 2981 sup-

891 3012 965 3045 31)
