1981 3255
690 170 1092 213 FRAGMENTA.
1529 173 1614 215 485

173 287 349 336 ματίων
381 291 468 323 τῶν
503 285 898 334 πιπρασκομένων
935 284 1339 333 περιγιγνόμενον
1379 285 1613 337 ἀργύριον.

175 345 227 384 cf.
256 345 411 383 Boeckh
440 343 704 382 staatshaush.
733 344 773 381 d.
806 345 949 382 Athen.
978 343 1065 382 Vol.
1093 343 1146 381 II.
1175 343 1291 382 inser.
1317 345 1430 384 VIII.
1456 358 1496 396 p.
1522 349 1617 384 243.

174 418 264 456 sqq.

228 480 263 504 v.
290 466 580 504 Ἐδωλιᾶσαι
597 467 726 504 -ἐπὶ
745 471 808 504 τοῦ
828 465 1116 513 καθέζεσθαι.

229 540 265 564 v.
292 527 642 578 Ἑκατόμπεδον
659 550 713 556 —
732 529 751 565 ὁ
769 526 1026 578 Παρθένων
1051 529 1122 566 ὑπό
1141 542 1251 566 τινων
1281 527 1617 578 (Εκατόμπεδος

174 588 336 625 ἐκαλεῖτο
354 587 412 625 διὰ
431 588 569 633 κάλλος
589 590 646 628 καὶ
671 587 884 640 εὐρυθμίαν.

228 662 264 686 v.
292 648 472 698 Νεώρια
493 652 553 688 καὶ
567 652 763 696 νεώσοικοι,
776 651 843 689 ubi
858 650 1005 689 Rhetor
1021 657 1172 689 monet:
1202 652 1252 702 μή
1270 665 1357 689 ποτε
1375 651 1505 700 νεώρια
1519 652 1621 699 λέγε-

175 725 237 748 ται
249 711 268 747 ὁ
287 711 399 753 τόπος
414 712 595 758 ἄπας,εἱς
609 713 652 749 ὃν
665 713 888 750 α’νὲλκονται
907 712 944 749 αἱ
960 714 1132 763 τριήρεις,
1148 713 1208 749 καὶ
1226 712 1342 750 πάλιν
1356 712 1393 758 ἐξ
1406 713 1520 749 αὑτοῦ
1534 714 1620 749 καθ-

176 773 348 809 έλκονται
364 775 412 815 ὡς
426 774 671 824 ὑποσημαίνει
694 772 969 823 Λυκοῦργος
998 774 1045 811 ἐν
1072 776 1379 825 ἀπολογισμῷ
1407 770 1459 811 ὦν
1486 788 1620 811 πεπο-

174 833 424 872 λιτείιεται.
463 833 526 872 Cf.
547 834 658 873 Suid.
678 847 714 872 V.
734 834 914 884 νεώρια.

863 936 934 974 ΙΗ.

321 1020 446 1059 ΠΕΡΙ
471 1021 787 1061 ΔΙΟΙΚΗΣΕΩΣ
814 1021 838 1068 ἣ
867 1022 995 1060 ΠΕΡΙ
1024 1021 1127 1060 ΤΗΣ
1154 1022 1482 1063 ΔΙΟΙΚΗΣΕΩΣ.

234 1108 298 1146 De
318 1107 670 1155 administratione,
690 1122 746 1147 sc.
770 1108 960 1147 redituum
983 1109 1242 1160 Reipublicae,
1266 1109 1408 1160 quibus
1425 1110 1625 1161 Lycurgus

179 1180 247 1217 per
267 1168 361 1206 XII.
382 1182 504 1206 annos
523 1172 633 1221 (τρεῖς
654 1169 954 1220 πενταετηρίδας,
971 1183 1004 1207 v.
1023 1170 1199 1209 Boeckh.
1215 1171 1243 1209 l.
1264 1184 1298 1209 c.
1312 1171 1337 1208 1.
1357 1170 1465 1220 468.)
1482 1184 1536 1208 sc.
1557 1170 1622 1208 Ol.

177 1229 284 1266 CIX.
303 1234 340 1267 3.
361 1252 414 1258 ——
429 1230 558 1267 CXII.
574 1234 613 1268 2.
631 1230 839 1282 praesuerat
856 1247 866 1275 ;
895 1231 999 1282 quod
1020 1231 1232 1270 clarissime
1246 1238 1412 1271 testatur
1430 1232 1626 1271 Plutarch.

177 1291 226 1329 V.
249 1292 345 1343 Lyc.
374 1305 412 1342 p.
439 1296 529 1331 842.
555 1293 601 1331 E.
638 1293 803 1331 Μέλλων
829 1293 864 1332 δὲ
887 1296 1128 1341 τελευτήσειν,
1148 1297 1201 1338 εἷς
1229 1295 1269 1332 τὸ
1297 1295 1479 1346 Μητρῷον
1505 1297 1563 1332 καὶ
1587 1295 1627 1333 τὸ

176 1351 437 1405 βουλευτήριον
461 1354 649 1393 ἐκέλευσεν
671 1355 786 1393 αὑτὸν
806 1353 1042 1406 κομισθῆναι,
1063 1355 1293 1406 βουλόμενος
1316 1354 1475 1399 εὒθῦνας
1504 1355 1629 1394 δοῦναι

177 1420 249 1451 τῶν
260 1418 589 1466 πεπολιτευμένων.
612 1415 777 1458 Οὐδενὸς
793 1414 829 1452 δὲ
851 1425 1102 1468 κατηγορῆσαι
1119 1419 1377 1468 τολμήσαντος
1396 1418 1494 1461 πλὴν
1505 1415 1628 1454 Blera-

179 1479 358 1526 σαίχμου,
380 1479 446 1519 τὰς
472 1475 656 1523 διαβολὰς
685 1477 986 1526 ἀπολυσάμενος,
1008 1479 1059 1520 εἰς
1086 1479 1153 1522 τὴν
1178 1479 1296 1515 οἰκίαν
1316 1476 1548 1528 ἀπεκομίσθη
1569 1480 1630 1515 καὶ

177 1537 423 1583 ἐτελεύτησεν.
461 1538 556 1575 Inde
578 1544 742 1588 apparet
760 1538 859 1575 hanc
879 1539 1053 1575 ultimam
1074 1538 1244 1576 omnium
1258 1538 1377 1577 fuisse
1397 1539 1627 1577 Orationum

178 1604 218 1634 et
239 1597 408 1635 habitam
430 1598 493 1635 Ol.
519 1597 648 1635 CXII.
670 1602 708 1635 2.
731 1597 791 1635 vel
815 1603 854 1637 3.
874 1597 989 1643 brevi,
1006 1605 1094 1635 ante
1122 1598 1222 1636 senis
1253 1605 1415 1637 mortem
1439 1602 1626 1649 tempure.

179 1657 405 1696 Laudamur
430 1671 520 1695 vero
553 1672 599 1695 ex
631 1671 676 1695 ea
707 1658 758 1696 ab
787 1658 1094 1708 Harpocratione
1124 1665 1163 1696 et
1189 1659 1306 1698 Suida
1337 1660 1394 1698 his
1427 1673 1537 1698 voco.
1567 1673 1626 1698 se-

179 1718 361 1768 quentia:

230 1781 443 1827 ’Ayaesyg
472 1781 614 1832 τύχης
645 1780 769 1829 νεὼς]
799 1781 924 1830 Harp.
946 1794 1030 1818 voc.

230 1841 372 1889 Αῖγὶς
391 1844 514 1879 -τὰ
543 1841 616 1879 διὰ
651 1842 924 1893 στεμμάτων
959 1838 1284 1893 πεπληγμένα]
1314 1844 1370 1880 Ex
1392 1843 1515 1894 Harp.
1539 1857 1624 1883 voc.

228 1902 478 1951 Δοκιμασὲεὶς
494 1903 618 1953 Harp.
638 1903 860 1953 Λυκοῦργος
881 1902 920 1940 δὲ
939 1903 979 1940 ἐν
991 1905 1040 1954 τῷ
1061 1904 1141 1953 περὶ
1160 1909 1223 1947 τῆς
1239 1903 1459 1948 διοικήσεως.
1489 1905 1626 1954 Τρεῖς

178 1962 452 2014 ὃοκιμασίαι
493 1966 607 2002 κατὰ
642 1964 724 2001 τὸν
760 1965 904 2013 νόμον
945 1967 1211 2012 γίγνονται·
1250 1969 1334 2015 μία
1369 1965 1466 2016 μὲν,
1502 1970 1553 2011 ἣν
1585 1967 1625 2004 οἱ

168 2025 331 2063 ’Έννεα
359 2026 614 2077 ’Ἄρχοντες
653 2025 1000 2076 δοκιμάζονται·
1043 2026 1179 2074 ἑτέρα
1217 2024 1273 2071 δὲ,
1311 2030 1362 2072 ἢν
1404 2027 1446 2063 οἱ
1479 2026 1623 2071 Ῥήτο-

177 2099 262 2136 ρες·
293 2091 420 2137 τρίτη
449 2087 505 2132 δὲ,
535 2088 588 2134 ἢν
617 2087 656 2124 οἱ
681 2086 951 2136 Στρατηγοί.
1008 2085 1130 2135 Λέγει
1147 2088 1270 2136 μέντοι
1289 2088 1329 2125 ἐν
1344 2090 1392 2139 τῷ
1409 2090 1506 2139 αὐτῷ
1522 2090 1624 2139 λόγῳ

179 2147 238 2185 καὶ
263 2147 455 2186 Ἱππέων
489 2148 752 2199 δοκιμασία.

230 2208 479 2260 Λυσίμαχος]
512 2210 634 2259 Harp.
653 2222 737 2246 voc.

229 2270 280 2306 ’E
291 2272 485 2320 πικράτη
497 2270 532 2319 ς]
545 2263 704 2319 ’Έτερος
715 2269 743 2306 δ’
758 2269 855 2306 ἐστὶν
868 2269 1100 2319 Ἐπικράτης,
1116 2268 1156 2307 οὗ
1174 2271 1393 2321 μνημονεύει
1405 2271 1624 2321 Λυκοῦργος

179 2332 222 2369 ἐν
250 2335 298 2383 τῷ
332 2332 415 2381 περὶ
447 2331 654 2377 διοικήσεως
683 2333 820 2378 λέγων·
881 2329 952 2373 Ὠς
985 2333 1197 2380 χαλκοῦν
1226 2330 1401 2378 ἐστάθη
1435 2330 1508 2369 ἓιοὶ
1545 2332 1624 2370 τὸν

180 2395 317 2443 νόμον
354 2394 431 2430 τὸν
466 2394 568 2442 περὶ
603 2400 687 2431 τῶν
726 2388 958 2442 Ἐφήβων,
994 2391 1037 2428 ὅν
1064 2400 1153 2443 φασι
1188 2391 1381 2438 κεκτῆσθαι
1412 2393 1623 2431 Ταλάντων

178 2453 377 2500 ἑξακοσίων
396 2456 542 2491 οὒσίαν.
600 2454 656 2491 Ex
678 2453 872 2502 Harpocr.
893 2457 932 2488 et
952 2452 1069 2489 Suida
1090 2466 1176 2491 voc.
1196 2453 1416 2503 Ἐπικράτης
1433 2453 1569 2499 Ἀθην.

230 2515 403 2567 Ὀχεῖον]
434 2515 653 2565 Λυκοῦργος
672 2515 712 2553 ἐν
727 2515 773 2565 τῷ
788 2513 869 2562 περὶ
884 2511 1102 2557 ἒιοικήσεως·
1126 2517 1350 2562 γείτονας
1369 2520 1444 2553 τοῦ
1464 2516 1623 2568 ὀχείου

181 2580 282 2627 φησί.
302 2578 351 2627 μή
369 2592 455 2614 ποτε
485 2576 520 2614 ἒέ
547 2576 605 2613 ἐπὶ
626 2577 738 2613 τόπου
763 2573 877 2618 τινὸς,
896 2573 936 2610 ἓν
955 2572 982 2627 ᾦ
1003 2575 1121 2626 ὁχεῖαι
1144 2576 1315 2623 γίνονται
1335 2583 1406 2614 τῶν
1427 2583 1582 2626 κτηνῶν,
1600 2577 1622 2620 ἣ

181 2638 356 2687 ὀχήματα
375 2636 587 2688 μισθοῦται.
628 2637 684 2673 Ex
705 2636 826 2685 Harp.
848 2639 886 2671 et
906 2634 1026 2672 Suida
1047 2636 1082 2673 h.
1103 2649 1187 2674 voc.

233 2699 438 2750 Σείρινα]
468 2700 657 2749 Harpocr.
678 2705 716 2735 et
732 2697 843 2735 Suid.

237 2759 416 2809 Denique
442 2761 633 2810 Harpocr.
661 2772 744 2797 voc.
771 2767 963 2813 στεφανῶν
989 2757 1075 2802 τούς
1102 2761 1333 2805 νενικηκότας
1354 2772 1399 2796 ex
1426 2758 1496 2795 hac
1519 2757 1619 2793 Ora-

183 2821 289 2858 tione
319 2820 432 2858 ellat:
467 2823 617 2859 Ἀλλαῖ
662 2823 748 2872 μὴν
787 2824 861 2859 καὶ
898 2819 1235 2867 Καλλισθένην
1273 2819 1438 2857 ἑκατὸν
1477 2821 1620 2867 μναῖς

183 2881 552 2931 ἐστεφανώσατε;
583 2882 649 2919 ubi
679 2888 883 2934 στεφανοῦν
907 2895 977 2933 pro
1003 2884 1114 2932 τιμᾷν
1134 2887 1357 2931 usurpatum
1382 2891 1462 2915 esse
1487 2891 1508 2915 a
1527 2877 1620 2915 scri-

186 2947 296 2990 ptore
317 2941 445 2978 docet.
