1981 3255
458 483 701 576 VARIA
711 486 918 542 NTES

960 486 1430 545 LECTIONES.

260 667 322 707 *2,*
344 667 431 698 Idem
456 668 507 699 hio
527 668 658 706 dietum,
673 671 796 707 Lector,
812 670 902 707 habe,
927 671 1009 709 quod
1033 671 1071 701 ad
1088 671 1248 703 Variantes
1270 673 1437 703 Lectiones
1454 673 1675 713 Antiphonteas

216 710 276 741 vol.
292 711 313 742 i.
329 722 360 751 p.
377 714 450 743 139.
467 717 514 743 est
529 718 676 744 notatum.

461 860 599 899 ΠΕΡΙ
632 861 742 900 ΤΟΥ
774 861 1140 900 ΚΛΕΩΝΥΜΟΥ
1172 861 1423 902 ΚΛΗΡΟΥ.

467 968 664 995 ΎΠΟΘΕΣῙΣ.

255 1021 353 1052 Ρ.33.
367 1025 397 1051 1.
412 1021 535 1060 τὸγένος
550 1024 597 1053 Μ.
653 1026 684 1055 3.
700 1022 728 1054 ’ἣν
746 1024 781 1054 B.
798 1023 845 1053 Μ.
890 1026 921 1054 5.

208 1094 357 1126 ἀποθανεῖν
379 1107 437 1127 om.
463 1097 500 1127 B.
518 1098 564 1127 Μ.
595 1098 782 1140 [ἀποθανεῖν]
815 1100 920 1130 Bekk.

207 1139 241 1168 6.
267 1140 381 1180 πάσχει
405 1141 448 1170 Μ.
517 1145 621 1180 antep.
646 1141 807 1182 διαθήκαις]
835 1142 924 1176 δίκαις

207 1191 288 1211 corr.
317 1185 361 1213 M.
429 1193 498 1221 pen.
521 1182 550 1212 δὲ
572 1183 702 1222 λέγοντες
724 1185 764 1215 Β.
780 1187 824 1215 M.
850 1186 920 1215 And.

206 1222 287 1254 Ibid.
310 1225 394 1266 φησὶν
418 1227 457 1257 Β.
525 1227 608 1256 Ibid.
623 1228 864 1267 μετεκαλέσαντο
880 1229 920 1259 Β.

206 1267 252 1298 Μ.
296 1269 380 1300 Ibid.
395 1272 456 1305 τοῖς
475 1280 535 1300 om.
556 1271 590 1299 B.
605 1272 652 1301 Μ.
669 1271 742 1302 Ald.

494 1361 625 1387 ΛΟΓΟΣ.

248 1425 286 1454 Ρ.
301 1426 354 1456 33.
373 1427 404 1456 2.
428 1424 587 1466 κατέλιπε]
607 1425 752 1457 κατέλυσε
771 1428 816 1458 Μ.
883 1429 914 1459 5.

201 1467 405 1508 ἀκροασάμενοι
422 1479 468 1507 pr.
487 1471 524 1499 B.
584 1470 667 1500 Ibid.
684 1469 732 1500 ἐπὶ
748 1469 782 1500 τδ
798 1471 853 1502 δικ.
866 1472 914 1503 Μ.

203 1511 257 1540 ult.
274 1510 384 1553 ἐκεῖνον]
401 1511 488 1551 ἐκείνῳ
505 1513 544 1543 Β.
564 1513 667 1543 Bekk.
683 1524 743 1543 om.
760 1515 805 1543 M.

243 1554 281 1583 P.
295 1557 348 1585 34.
365 1559 393 1585 1.
409 1555 534 1597 ἀργύςια]
552 1555 673 1596 οἷςγύξιον
689 1557 730 1585 Β.
744 1556 846 1588 Bekk.
865 1559 913 1599 ἆρ-

260 1614 278 1630 α

197 1637 284 1680 γύριον
305 1639 351 1669 Μ.
415 1639 497 1670 Ibid.
519 1651 637 1679 πξοσηκ.
662 1641 702 1683 οἳ]
718 1652 837 1682 προσ-ηπ.
861 1642 911 1674 ἐπὶ

196 1721 307 1757 τούτοις
321 1723 342 1752 οἱ
359 1723 400 1753 Β.
452 1726 483 1754 2.
498 1701 607 1759 τούτῖιζ·
625 1726 669 1754 Μ.
724 1728 756 1757 3.
773 1726 907 1768 ἴσομοιρί-

195 1775 246 1794 σαι
263 1765 301 1795 Β.
370 1768 398 1796 6.
416 1766 512 1807 ἀλλὰ]
533 1768 613 1798 ἀλλὰ
628 1768 676 1798 καὶ
694 1780 740 1809 pr.
761 1771 809 1801 M.
874 1773 907 1802 ¹7.

313 1824 344 1839 011

194 1847 415 1884 «πιστεύσαντες
427 1850 472 1878 Μ.
531 1851 562 1880 9.
578 1848 682 1880 διέθετο
697 1850 768 1892 μὲν]
784 1853 814 1884 δὴ
832 1853 903 1883 ὑπέ-

193 1888 257 1919 θετο
272 1890 327 1929 μὲν
343 1892 381 1922 Β.
397 1893 468 1922 Ald.
482 1891 537 1931 μὲν
551 1891 678 1923 ὑπέθετο
695 1895 723 1924 δη
742 1896 786 1925 Μ.
851 1899 902 1928 13.

191 1932 240 1962 καὶ
253 1936 308 1963 τῶν
323 1934 412 1973 νόμων
427 1945 486 1965 om.
505 1936 549 1965 M.
597 1939 647 1966 15.
661 1944 743 1967 ωολυ
755 1938 844 1980 ἄρχου
855 1940 902 1970 lit.

192 1978 223 2005 1.
240 1986 320 2006 eraS.
337 1978 376 2007 B.
421 1984 523 2017 antep.
539 1975 616 2013 οὗτος
631 1980 676 2009 Μ.

416 2037 535 2059 οικειοιις

234 2059 272 2089 Ρ.
288 2062 341 2090 35.
363 2063 394 2090 4.
416 2062 558 2096 ἀλλήλους
581 2072 661 2091 corr.
685 2073 784 2103 penna
808 2065 900 2095 ducta

189 2111 246 2140 per
260 2103 401 2138 ἀλλήλους
417 2105 462 2135 Μ.
506 2106 537 2135 5.
555 2106 704 2144 ἡγησάμην
720 2107 759 2136 Β.
776 2108 821 2137 Μ.
865 2111 899 2139 ’7.

189 2146 238 2175 την
249 2155 307 2175 om.
325 2157 372 2185 pr.
382 2147 428 2177 M.
476 2150 526 2177 10.
540 2149 606 2182 τοὺς
617 2147 747 2190 ἐχθροὺς]
764 2152 828 2185 τοὺς
840 2161 899 2181 om.

187 2188 225 2217 B.
240 2189 282 2218 Μ.
293 2189 396 2219 Bekk.
442 2194 495 2221 11.
510 2192 612 2224 κακοὺς
624 2193 660 2222 Β.
672 2193 717 2222 Μ.
731 2194 800 2223 Ald.
846 2197 898 2226 16.

340 2249 387 2265 <rev

184 2269 366 2311 ἐπετρόπευεν
381 2275 428 2305 Μ.
495 2277 547 2305 21.
563 2274 611 2304 καὶ
628 2276 758 2315 primum
773 2289 832 2310 om.
850 2280 895 2310 M.

185 2322 287 2354 antep.
304 2315 424 2358 ἔχθρας]
440 2316 544 2358 ἔχθραν
561 2320 593 2349 Β.
605 2321 650 2349 Μ.
662 2320 765 2351 Bekk.
812 2324 896 2353 Ibid.

184 2357 196 2385 ὃ
212 2359 331 2399 maim]
347 2361 359 2389 ὁ
373 2372 432 2390 om.
446 2363 480 2390 B.
497 2362 599 2392 Bekk.
645 2373 715 2402 pen.
731 2365 829 2395 ταῦτα
847 2377 895 2406 pr.

183 2399 223 2429 B.
271 2402 323 2431 ult.
342 2409 411 2441 post
427 2402 516 2435 ἐσώθη
533 2405 576 2435 lit.
595 2408 626 2435 1.
638 2416 715 2437 eras.
734 2407 764 2443 i‚n
780 2409 820 2439 B.

228 2445 266 2474 P.
283 2447 336 2475 36.
355 2449 388 2476 4.
413 2446 462 2476 καὶ
488 2458 548 2478 om.
573 2450 618 2479 M.
684 2452 716 2487 5.
739 2451 824 2482 αὐτὸν
845 2453 891 2483 Μ.

625 2502 646 2516 ω

181 2518 266 2550 Ibid.
277 2522 384 2552 τοῦτ...
397 2524 442 2553 Μ.
485 2527 537 2554 11.
549 2517 647 2560 ἐκεῖνός
657 2527 703 2556 Μ.
748 2530 801 2558 13.
814 2530 892 2568 ἡμᾶς

181 2571 240 2591 om.
257 2574 304 2602 pr.
323 2566 361 2595 B.
412 2565 494 2597 Ibid.
511 2567 668 2609 ἠβουλήθη]
685 2568 826 2603 ἐβουλήθη
844 2573 888 2603 M.

182 2609 213 2633 et
229 2615 276 2643 pr.
299 2608 334 2637 B.
352 2608 456 2639 Bekk.
530 2615 582 2641 14.
607 2613 673 2651 ἡμῖν
695 2614 731 2643 B.
755 2615 800 2644 M.
818 2616 889 2646 Am.

181 2649 439 2720 ἒ9.1ςέ(ςημάτων]
467 2657 601 2695 χρηστῶν
624 2655 664 2686 Β.
688 2658 733 2686 Μ.
756 2658 891 2699 χρήστων

214 2700 229 2719 e
279 2714 285 2721 .

224 2733 262 2762 P.
293 2737 345 2766 37.
372 2739 403 2767 4.
435 2737 586 2779 ἠβουλῆθη]
614 2739 748 2773 ἒβουλῆθη
778 2745 813 2775 Β.
839 2744 888 2776 M..

179 2774 283 2806 Bekk.
333 2780 363 2809 5.
378 2778 424 2809 ἐπὶ
440 2781 505 2821 τὴν]
522 2781 569 2811 ἐπὶ
588 2794 648 2813 om.
668 2786 702 2814 B.
721 2785 769 2815 M.
790 2788 887 2818 Bekk.

180 2820 211 2848 6.
228 2819 274 2848 οὐκ
290 2830 348 2850 om.
366 2823 435 2853 Ald.
481 2828 511 2855 7.
527 2824 691 2866 ἀνέπεμψεν
710 2830 743 2858 Β.
759 2831 803 2860 Μ.
815 2831 887 2860 Ald.

181 2863 211 2890 8.
226 2861 279 2901 εἷς]
297 2861 325 2895 ἐς·
338 2864 375 2893 Β.
392 2866 440 2895 Μ.
457 2867 560 2899 Bekk.
639 2872 668 2900 9.
684 2871 735 2911 [ὡς
749 2871 884 2915 ἀσθενῶν]

707 2923 721 2947 ὂ

181 2945 282 2975 Bekk.
354 2949 401 2978 19.
421 2947 461 2978 οὖν
478 2961 536 2981 om.
554 2953 596 2982 M.
657 2957 706 2984 14.
724 2933 820 2986 ‘zema
840 2959 885 2989 Μ.

959 948 1011 978 15.
1027 946 1112 977 οἰκίαν
1124 947 1227 988 αὑτοῦ]
1243 946 1329 977 οἰκίαν
1342 949 1391 978 τῆν
1405 947 1490 977 αὑτοῦ
1508 946 1549 978 Β.
1565 947 1672 979 Bekk.

957 990 1043 1020 οἰκίαν
1066 991 1112 1020 Μ.
1194 993 1247 1020 17.
1266 991 1317 1020 τοῦ
1341 990 1505 1030 ἀστυνόμον
1527 992 1572 1022 Μ.
1599 992 1672 1021 Ald.

959 1032 1134 1068 Ιὺίᾶ.αὖτός
1148 1032 1188 1063 Β.
1201 1034 1251 1064 Μ.
1298 1036 1350 1064 18.
1360 1033 1492 1068 ἐλθόντας
1503 1035 1546 1064 Μ.
1585 1034 1673 1066 Ibid.

957 1076 1101 1117 ἆςχονίδην
1114 1077 1152 1106 Β.
1164 1078 1207 1106 Μ.
1255 1082 1357 1116 antep.
1369 1076 1428 1118 ἐ’τι]
1441 1078 1485 1108 ἔτι
1499 1078 1546 1108 Μ.
1588 1079 1670 1108 lbid.

956 1119 1042 1148 τοίνυν
1058 1119 1097 1159 οἱ]
1115 1119 1200 1149 τοίνυν
1215 1120 1252 1154 ὡς
1266 1121 1289 1149 οἱ
1307 1120 1348 1150 Β.
1361 1121 1463 1151 Bekk.
1535 1121 1592 1151 ult.
1607 1122 1672 1156 τοὺς

956 1172 1017 1190 om.
1032 1161 1071 1191 B.

999 1205 1098 1234 P.38.
1112 1206 1142 1234 6.
1160 1203 1222 1234 ἐπεὶ
1238 1203 1261 1233 θ’
1275 1205 1298 1234 οἳ
1311 1205 1432 1245 τούτων]
1447 1204 1542 1236 ἐπειδὴ
1559 1205 1587 1236 δὲ
1605 1206 1671 1237 τού·

954 1258 1011 1276 των
1027 1246 1066 1276 Β.
1085 1248 1131 1277 Μ.
1148 1248 1249 1277 Bekk.
1308 1250 1359 1279 13.
1375 1249 1536 1288 γινομένας]
1552 1249 1671 1287 γενομέ-

953 1301 1000 1323 νας
1016 1291 1088 1320 cod.
1105 1292 1248 1320 Ambros.
1263 1290 1365 1321 Bekk.
1427 1294 1479 1322 14.
1492 1291 1566 1325 ὅπως
1584 1293 1669 1335 Βεβ]

952 1332 1028 1368 ὅπως
1042 1332 1086 1364 ἔτι
1101 1333 1169 1368 βεβ.
1184 1333 1224 1364 Β.
1239 1334 1346 1364 Bekk.
1406 1336 1459 1365 20.
1473 1335 1668 1367 ωιστεύσοιτε

951 1416 991 1447 Β.
1003 1419 1046 1448 Μ.
1092 1420 1145 1449 22.
1156 1394 1301 1457 μανίξΜ.
1347 1419 1401 1451 ult.
1418 1418 1485 1450 εῖναι
1501 1420 1572 1462 τῶν]
1588 1423 1667 1453 ποιῗῐ-

949 1471 1000 1490 σαι
1017 1463 1072 1491 τῶν
1085 1461 1126 1492 Β.
1144 1462 1192 1492 Μ.
1209 1462 1313 1493 Bekk.

993 1505 1030 1535 P.
1046 1506 1100 1536 39.
1116 1508 1148 1535 1.
1171 1504 1271 1535 ἑαυτοῦ
1298 1505 1344 1535 Μ.
1416 1508 1447 1536 2.
1467 1506 1535 1545 ημῖν
1560 1506 1600 1538 Β.
1616 1508 1663 1539 Μ.

1110 1565 1146 1580 ων

947 1586 1030 1618 Ibid.
1048 1587 1135 1618 αὐτοῦ
1150 1590 1184 1619 Μ
1188 1612 1195 1619 .
1255 1591 1287 1619 4.
1302 1589 1412 1624 τούτοις
1424 1591 1485 1624 τοῖς
1500 1591 1582 1630 λόγος
1596 1592 1663 1634 (λὸ-

943 1682 1002 1709 γοις
1017 1671 1084 1712 pr.)
1108 1674 1153 1704 M.
1227 1675 1259 1704 5.
1276 1673 1319 1703 ἀεὶ
1342 1685 1402 1704 om.
1428 1676 1500 1706 cod.
1517 1678 1659 1710 Ambros.

945 1714 1020 1755 [ἆεῖ]
1036 1716 1139 1746 Bekk.
1184 1718 1216 1746 7.
1233 1715 1352 1751 δικαίους
1368 1719 1412 1747 Μ.
1458 1721 1489 1749 8.
1505 1719 1659 1763 ποιήσητε]

942 1758 1076 1788 ποιήσετε
1107 1759 1179 1789 οοᾶ.
1206 1760 1349 1790 Ambros.
1379 1761 1527 1791 ποιήσαιτε
1559 1764 1656 1795 Bekk.

942 1802 993 1831 13.
1010 1800 1206 1833 ἔναντιοτοίτην
1221 1804 1266 1832 Μ.
1324 1806 1376 1833 14.
1393 1803 1407 1834 ἢ
1423 1803 1511 1834 ἐκεῖνο
1524 1805 1564 1837 Β,
1581 1808 1654 1847 (ve-

939 1842 992 1872 lim
1013 1845 1170 1884 intelligas
1196 1845 1246 1875 hic
1266 1851 1298 1875 et
1320 1847 1467 1886 deinceps
1486 1850 1556 1880 cod.
1577 1851 1652 1882 Am-

939 1886 1020 1917 bros.
1044 1893 1075 1917 et
1095 1889 1199 1919 Bekk.
1224 1894 1361 1918 nostrum
1382 1891 1498 1928 pariter
1514 1894 1650 1925 'sextum

938 1929 1095 1966 exhibere,
1109 1931 1162 1960 ubi
1175 1931 1249 1961 nihil
1264 1933 1293 1961 in
1304 1934 1488 1962 contrarium
1506 1936 1649 1975 praecipiss

936 1972 1019 2012 mus)
1033 1972 1047 2003 ἢ
1063 1972 1151 2012 ἐκείνῳ
1165 1975 1202 2003 ad
1219 1985 1251 2013 p·
1263 1976 1314 2005 54.
1326 1985 1354 2004 v.
1372 1976 1425 2006 25.
1438 1979 1648 2011 καταστήσητε

936 2023 995 2044 om.
1025 2017 1068 2046 M.
1091 2017 1163 2046 Ald.
1182 2018 1287 2057 Steph.
1354 2021 1407 2048 21.
1425 2019 1465 2053 εἷς
1480 2022 1549 2051 cod.
1570 2022 1646 2052 Am-

935 2057 1018 2088 bros.
1031 2059 1083 2097 qui
1099 2059 1246 2098 deinceps
1261 2061 1352 2090 litera
1363 2061 1430 2091 A.a
1441 2063 1527 2093 nobis
1545 2065 1647 2103 signa-

934 2103 994 2130 tur.
1042 2104 1096 2131 28.
1111 2102 1282 2133 κατέλειπεν
1298 2114 1344 2142 pr.
1360 2104 1401 2134 Β.
1446 2107 1498 2136 29.
1512 2107 1569 2146 μὲν
1584 2119 1645 2140 om.

933 2143 972 2172 B.
1019 2154 1091 2183 pen.
1109 2145 1176 2181 ἡμῖν
1192 2145 1231 2176 Β.
1278 2147 1334 2176 ult.
1350 2147 1414 2188 τὴν]
1431 2148 1479 2177 καὶ
1495 2151 1544 2180 τὴν
1559 2151 1599 2182 A.

976 2187 1016 2216 Ρ.
1032 2191 1084 2218 40.
1101 2190 1132 2219 3.
1149 2190 1225 2226 ἡμᾶς
1239 2187 1348 2220 ἐναντίοι
1362 2191 1409 2220 καὶ
1428 2192 1488 2226 τοῖς
1504 2193 1545 2223 A.
1611 2196 1643 2225 7.

931 2228 1067 2260 &Homero
1088 2231 1130 2261 A.
1147 2231 1187 2261 Β.
1255 2235 1286 2264 8.
1308 2233 1450 2266 ἦβουλῆθη
1476 2235 1517 2266 A.
1543 2242 1574 2266 et
1597 2249 1645 2277 pr.

931 2270 972 2301 Β.
1018 2273 1100 2304 Ibid.
1116 2277 1232 2313 μᾶλλον
1247 2286 1306 2306 om.
1324 2278 1363 2307 A.
1408 2278 1490 2308 Ibid.
1507 2278 1572 2320 ζῶν]
1587 2283 1643 2312 τῶν

929 2316 970 2346 Α.
1018 2320 1068 2347 10.
1076 2318 1263 2359 κηφῆσανδςος
1273 2319 1312 2350 Β.
1360 2323 1409 2351 18.
1421 2321 1510 2351 δοῦναι
1526 2323 1640 2363 ἣμῖνΑ.

930 2362 981 2389 19.
991 2356 1030 2394 οἷς
1043 2371 1101 2390 om.
1113 2371 1160 2400 pr.
1171 2361 1210 2392 B.
1257 2365 1308 2393 24.
1319 2365 1486 2393 «πιστεῦσαι
1502 2367 1539 2396 Β.
1586 2370 1638 2398 ⁶26.

928 2413 961 2454 τε
975 2401 1062 2444 οὕτω]
1079 2415 1112 2434 τε
1129 2404 1204 2435 οὔπω
1221 2415 1289 2435 cum
1308 2407 1393 2437 Maio
1415 2407 1518 2438 Bekk.
1586 2411 1640 2441 30.

928 2446 1076 2519 ”ug-{L
1094 2493 1124 2520 4.
1148 2490 1268 2521 δηλώσει
1286 2490 1325 2522 B.
1394 2495 1424 2523 6.
1440 2499 1637 2526 MAPTTPEE

925 2540 984 2560 om.
998 2531 1037 2561 A.
1051 2531 1092 2562 B.
1137 2535 1165 2562 8.
1175 2534 1252 2574 ἡμῶν
1261 2533 1302 2565 Α.
1348 2535 1547 2574 9.ὑπολείψειν
1556 2549 1636 2569 corr.

924 2573 1071 2612 ὑπολείψει
1087 2585 1132 2614 pr.
1151 2576 1190 2606 B.
1264 2581 1316 2608 10.
1331 2576 1360 2608 ’ἦν
1374 2589 1434 2608 om.
1452 2579 1492 2609 A.
1555 2581 1636 2611 Ibid.

923 2615 1068 2649 Βεβαιώση
1085 2621 1134 2649 τὴν
1149 2618 1275 2661 ἔχθςανς
1300 2620 1339 2651 A.
1401 2625 1452 2651 11.
1465 2623 1508 2652 νῦν
1522 2633 1580 2653 om.
1600 2625 1635 2654 A.

924 2662 965 2690 13
993 2661 1135 2701 γινομένης
1151 2662 1191 2693 A.
1265 2667 1315 2695 15.
1331 2664 1379 2704 γε]
1393 2675 1425 2694 τε
1444 2664 1484 2694 A.
1550 2666 1634 2696 Ibid.

922 2701 1054 2738 διαθήκας
1068 2704 1123 2743 μὲν
1138 2706 1177 2735 Β.
1224 2709 1274 2737 18.
1291 2706 1387 2746 αὗτᾶν]
1403 2707 1536 2746 aia-<SR
1582 2712 1633 2739 520.

921 2745 1079 2777 οἶκειότητα
1095 2747 1281 2787 κεκτημένους
1303 2749 1341 2779 A.
1360 2750 1398 2779 B.
1475 2753 1526 2781 22.
1540 2750 1633 2785 κυρίας

921 2788 989 2818 εἶναι
1006 2788 1165 2830 ψηφίσαιτο
1181 2792 1235 2825 τοὶς
1251 2791 1388 2825 διαθήκας
1402 2792 1441 2823 A.
1488 2796 1540 2825 27.
1554 2795 1632 2834 ἦμᾶς

924 2831 961 2862 A.
1007 2840 1108 2872 antep.
1125 2834 1215 2864 οὐκοῦν
1230 2834 1284 2875 ἄρα
1300 2834 1341 2864 Λ.
1358 2835 1397 2864 Β.

965 2875 1001 2904 Ρ.
1018 2879 1069 2906 42.
1087 2879 1116 2907 5.
1139 2876 1274 2917 θάττεξα
1296 2877 1337 2908 Β.
1359 2876 1472 2917 θέατρα
1489 2877 1530 2909 Α.
1597 2880 1628 2909 7.

920 2915 966 2946 τᾶν
988 2928 1048 2949 om.
1069 2919 1110 2949 A.
1181 2923 1230 2950 10.
1251 2930 1307 2959 pro
1330 2920 1495 2962 Πολύαςχος
1517 2921 1630 2952 habent

919 2959 1056 3001 ναύαξχος
1072 2961 1113 2992 A.
1131 2961 1171 2991 B.
1215 2965 1268 2992 24.
1287 2963 1364 3001 κύξια
1380 2963 1418 2993 Α.
1475 2965 1525 2994 26.
1541 2965 1627 2994 ποιεῖ’·
