1981 3255
658 148 728 189 ET
759 147 896 189 EJUS
930 146 1212 190 SCRIPTIS.
1585 151 1663 191 571

479 402 526 455 Τ
578 403 626 456 Ε
680 403 714 456 S
769 404 816 456 T
867 404 892 456 Ι
947 405 1012 459 Μ
1065 405 1112 459 O
1169 407 1225 459 N
1278 407 1305 458 I
1357 411 1407 461 A

569 528 885 576 VIRORUM
924 528 1310 577 DOCTORUM

358 650 446 691 DE
493 651 1133 693 [NSCRIPTIONIBUS
1184 651 1530 694 TRIOPEIS.

276 887 333 924 Is.
356 888 684 934 stnonns,
698 888 734 925 in
753 887 1101 926 Observationibus
1115 886 1162 924 ad
1181 887 1343 924 Primam
1366 885 1660 935 Inscriptionem

222 949 349 987 initio:
386 950 614 987 “Eximium
645 952 839 988 vetustatis
870 958 1153 988 monumentum
1180 949 1283 987 istud
1304 950 1427 987 Roma
1455 962 1577 999 nuper
1596 962 1658 986 ac-

221 1011 326 1060 cepit
359 1019 511 1050 senator
539 1001 794 1062 amplissimus
824 1026 868 1050 ac
907 1012 1244 1062 praestantissimus
1272 1011 1438 1048 Iacobus
1469 1010 1659 1056 Gilottus,

221 1071 335 1109 missu
353 1073 421 1110 viri
450 1075 634 1123 exquisita
659 1074 875 1111 eruditione
903 1081 1016 1124 atque
1050 1073 1286 1110 humanitate
1317 1072 1468 1122 praediti
1489 1070 1660 1108 Christo-

220 1134 331 1183 pliori
352 1135 513 1172 Puteani
535 1136 688 1173 Claudii
709 1136 777 1173 filii
794 1136 1030 1173 Parisiensis.
1089 1136 1229 1173 Fuerat
1246 1141 1388 1181 autem,
1404 1143 1446 1172 ut
1466 1134 1660 1171 scribebat

219 1194 321 1231 idem
342 1196 544 1241 Puteanus,
565 1203 653 1234 ante
674 1209 818 1247 paucos
834 1197 915 1234 dies
935 1196 984 1234 ad
1004 1196 1136 1234 urbem
1158 1196 1196 1232 in
1217 1196 1291 1232 Via
1310 1196 1437 1246 Appia
1454 1194 1660 1240 inventurn,

216 1267 263 1293 ac
284 1262 473 1305 praesente
493 1270 531 1294 se
551 1262 651 1294 terra
673 1257 863 1296 erutum.''

271 1317 363 1354 JOS.
385 1317 636 1364 SCALIGER,
653 1318 689 1355 in
707 1318 913 1368 Epistolar.
930 1318 1014 1355 Lib.
1035 1318 1087 1355 ΙΙ.
1105 1318 1177 1367 Ep.
1196 1321 1286 1356 140.
1301 1317 1348 1355 ad
1367 1318 1660 1355 Casaubonum:

219 1379 354 1417 “Heri
375 1379 726 1428 praestantissimam
747 1380 915 1417 Herodis
937 1378 1225 1428 inscriptionem
1242 1379 1388 1428 accepi.
1444 1379 1534 1416 Noli
1555 1392 1661 1429 quae-

218 1452 314 1487 rere,
334 1453 381 1477 an
409 1441 612 1490 placuerit,
640 1454 756 1490 quum
787 1441 924 1490 partim
951 1455 973 1478 a
998 1441 1220 1490 praestantia
1252 1440 1395 1490 ingenii
1430 1442 1499 1486 tui,
1520 1441 1662 1491 partim

217 1502 267 1538 ab
298 1497 380 1552 ipsa
409 1502 664 1551 Inscriptione
695 1502 809 1539 etiam
842 1502 1044 1539 admiratio
1065 1502 1309 1539 accesserit.”
1363 1502 1465 1539 Ibid.
1489 1503 1571 1541 Lib.
1593 1503 1660 1540 IV.

217 1562 290 1614 Ep.
309 1567 401 1600 431.
418 1563 467 1600 ad
492 1564 720 1601 Gruterum:
752 1565 850 1600 “An
873 1564 1051 1600 Graecam
1070 1562 1359 1612 inscriptionem
1386 1563 1662 1602 nobilissimam

216 1637 340 1675 nuper
360 1637 435 1661 non
452 1625 564 1675 longe
588 1626 710 1662 Roma
732 1624 910 1662 effossam
928 1624 1083 1670 videris,
1104 1624 1200 1661 scire
1215 1623 1348 1660 aveo.'’

268 1685 481 1723 DAvas
523 1686 853 1730 HOESCHELIUS,
896 1685 934 1722 in
973 1685 1156 1734 Epistolis
1196 1685 1367 1721 Gudian.
1406 1697 1443 1722 n.
1485 1689 1571 1723 106.
1611 1686 1660 1723 ad

215 1746 448 1785 Meursium:
480 1747 682 1784 “Herodis
701 1747 993 1796 inscriptionem
1011 1760 1031 1783 a
1051 1753 1088 1784 te
1109 1759 1255 1784 versam
1277 1746 1402 1784 habeo
1423 1761 1442 1783 e
1464 1753 1530 1784 tuo
1552 1754 1661 1785 auto-

213 1808 375 1858 grapho,
390 1813 506 1857 atque
526 1814 568 1845 ut
591 1808 842 1845 Casaubonus
859 1813 989 1844 noster
1010 1806 1144 1850 edidit,
1168 1807 1268 1843 unde
1288 1807 1412 1844 minus
1433 1807 1481 1844 de
1505 1808 1662 1845 Glossa-

212 1869 326 1905 riensi
346 1868 558 1906 laboraram
577 1868 761 1912 editione,
778 1868 825 1905 ad
849 1881 961 1918 quam
979 1868 1170 1916 negabant
1187 1867 1395 1916 quidquam
1413 1868 1662 1906 accessisse.''

212 1930 352 1967 Paucis
372 1929 582 1977 interjectis
605 1930 687 1966 haec
708 1929 863 1967 scribit:
903 1929 1027 1965 “MS.
1051 1928 1165 1976 hujus
1184 1929 1411 1979 epigraphes
1431 1929 1479 1966 ad
1502 1930 1659 1967 nobilis-

213 1990 346 2028 simum
369 1997 538 2027 nostrum
560 1991 732 2027 Marcum
754 1990 952 2027 Velserum
970 1989 1091 2026 misi.'’

265 2051 504 2088 CLAumus
542 2051 823 2100 SALMAans,
848 2052 885 2088 in
912 2051 1074 2101 epistola
1109 2050 1348 2088 dedicatoria
1378 2053 1427 2088 ad
1453 2052 1658 2090 Nicolaum

213 2113 433 2164 Rigaltium,
460 2112 618 2163 praefixa
646 2114 804 2166 editioni
834 2114 993 2151 duarum
1029 2113 1345 2163 Inscriptionum‚
1377 2112 1495 2152 Paris.
1522 2118 1658 2154 1619.:

212 2180 236 2197 “
257 2176 427 2213 Remitto
461 2176 508 2213 ad
542 2176 614 2220 Te,
642 2175 712 2212 Vir
737 2175 1006 2220 eruditissime,
1032 2174 1315 2224 inscriptionem
1347 2175 1521 2224 Regillae,
1546 2189 1659 2225 quam

211 2251 285 2276 non
318 2238 370 2275 ita
396 2238 546 2288 pridem
573 2238 642 2275 abs
667 2243 704 2274 te
724 2237 880 2288 accepi:
913 2265 1046 2275 .....
1080 2237 1201 2282 Scito,
1228 2249 1286 2274 me
1318 2236 1432 2286 longe
1453 2237 1657 2275 maximam

210 2303 360 2351 cepisse
387 2314 434 2337 ex
468 2300 569 2337 illius
599 2300 861 2349 inscriptionis
893 2299 1060 2336 lectione
1079 2298 1329 2348 voluptatem.
1387 2298 1485 2335 Nam
1516 2305 1659 2348 praeter

209 2363 330 2413 ipsius
350 2361 528 2399 carminis
548 2374 730 2399 summam
752 2360 993 2411 elegantiam,
1014 2367 1051 2397 et
1074 2373 1174 2397 mere
1197 2359 1373 2396 Atticum
1396 2372 1586 2409 saporem,
1610 2373 1655 2397 ac

210 2437 335 2461 rerum
355 2423 501 2473 aliquot
520 2423 761 2472 antiquarum
779 2421 1054 2471 cognitionem,
1077 2434 1189 2470 quam
1209 2420 1296 2457 hinc
1320 2426 1480 2465 tantum,
1494 2433 1568 2457 non
1586 2421 1653 2457 ali—

210 2485 310 2522 unde
330 2484 443 2521 liceat
465 2483 630 2529 haurire,
650 2497 726 2520 non
742 2482 993 2520 mediocriter
1007 2482 1119 2519 etiam
1138 2480 1204 2517 illo
1221 2481 1372 2518 nomine
1387 2481 1477 2517 mihi
1491 2481 1649 2531 placuit,

208 2545 311 2595 quod
332 2558 450 2583 meam
472 2550 637 2582 veterem
658 2544 706 2581 de
730 2543 885 2581 Herode
906 2543 1039 2580 Attico
1066 2541 1344 2590 conjecturam,
1374 2555 1488 2592 quam
1507 2542 1537 2578 si
1557 2542 1650 2578 veri-

210 2606 369 2644 similem
390 2605 517 2651 modo,
539 2604 664 2642 doctis
685 2604 903 2642 hominibus
921 2604 1210 2653 approbassem,
1230 2604 1404 2653 pulcrum
1426 2616 1470 2640 ac
1495 2602 1650 2639 beatum

206 2679 265 2704 me
289 2671 476 2716 putarem,
497 2667 726 2704 verissimam
753 2678 837 2702 esse
861 2665 973 2714 plane
1004 2664 1324 2702 confirmaverit.’'
1383 2666 1424 2701 In
1456 2663 1650 2700 Observa-

207 2727 375 2765 tionibus
392 2727 439 2764 ad
457 2727 618 2765 Primam
636 2727 930 2778 Inscriptionem
942 2727 1072 2764 initio:
1102 2731 1126 2748 “
1142 2728 1343 2777 Egregium
1361 2740 1404 2764 ac
1419 2727 1647 2775 praeclarum

207 2790 408 2826 vetustatis
429 2796 729 2836 monumentum,
754 2796 792 2826 et
815 2802 892 2839 quo
914 2789 1078 2827 nobilius
1101 2796 1218 2838 atque
1238 2789 1422 2826 illustrius
1448 2788 1548 2824 aliud
1571 2800 1646 2825 non

206 2851 323 2888 habet
356 2850 571 2887 luculentus
605 2850 669 2888 ille
704 2856 874 2888 veterum
913 2850 1204 2900 inscriptionum
1238 2851 1468 2893 Thesaurus,
1502 2861 1647 2886 summo

206 2911 335 2950 labore
363 2910 603 2960 mirabilique
633 2911 817 2950 industria
838 2925 859 2949 a
881 2912 1051 2950 Grutero
1078 2918 1210 2949 nostro
1234 2912 1313 2947 viro
1335 2909 1545 2947 clarissimo
1565 2908 1644 2946 col-
