1981 3255
580 164 663 204 AD
696 159 914 204 PAGUM
947 161 1267 205 TRIOPIUM.

1561 163 1641 205 591

208 278 299 319 Aut
336 277 510 318 herbam
548 276 724 318 humore
765 277 872 317 bene
912 276 1125 317 nutriente
1165 276 1447 319 virescentem
1481 283 1524 319 et
1559 291 1646 319 cre-

378 348 582 389 scentem,

210 406 385 448 Famula
406 405 514 461 nigri
537 404 640 446 Orci
661 404 777 446 ascia
798 405 1062 460 pessumdet,

1592 406 1647 446 25

212 471 464 527 Sepulcrum
485 484 641 511 novum
664 469 868 520 condens,
890 476 964 511 aut
984 476 1106 511 vetus
1127 470 1327 511 turbans:

211 536 310 577 Non
331 542 396 577 est
416 535 480 577 fas
501 536 681 577 mortuis
702 535 876 591 injicere
898 541 1050 576 terram
1071 534 1154 576 diis
1177 547 1355 583 sacram,

210 602 502 658 Praeterquam
528 601 605 649 illi,
627 601 698 657 qui
726 600 784 641 sit
803 599 1148 655 consanguineus
1170 606 1299 656 atque
1319 613 1373 640 ex
1395 599 1647 655 posteritate

376 668 469 722 ejus
493 667 566 723 qui
587 666 772 708 dicavit:

209 729 301 771 Illis
322 745 420 772 vero
440 731 554 772 haud
577 731 723 781 nefas3
755 730 870 771 ultor
888 731 999 770 enim
1022 729 1128 770 deus
1150 736 1215 770 est
1236 728 1449 770 conscius.

209 795 404 851 Namque
423 802 466 836 et
487 794 680 835 Minerva
700 793 1031 835 Erichthonium
1051 808 1194 849 regem

1593 795 1649 836 30

210 859 262 899 In
282 859 440 914 templo
460 858 664 914 reposuit,
685 864 736 899 ut
756 858 1072 899 contubernalis
1094 864 1208 899 esset
1229 872 1457 899 sacrorum.

208 923 253 964 Si
275 924 345 965 cui
370 938 466 965 vero
490 939 576 965 non
597 923 744 965 audita
760 924 867 972 haec,
889 930 932 964 et
952 938 1038 965 non
1061 923 1234 965 obediet
1253 923 1351 972 illis,

208 987 291 1030 Sed
314 989 541 1044 despiciet,
563 1004 650 1030 non
671 989 731 1030 illi
752 989 836 1030 hoc
859 989 948 1031 sine
969 1003 1095 1045 poena
1112 988 1278 1040 redeat3

269 1092 282 1113 ⁷
305 1092 495 1146 ἑσσαμένοῦ.
513 1094 548 1123 Α.
566 1092 722 1132 εἶσαμένοιο
737 1104 774 1123 ex
792 1095 872 1132 conj.
889 1095 922 1123 S.

1098 1094 1110 1112 ⁸
1129 1091 1240 1132 (Κείνοις
1255 1092 1276 1122 δ’
1292 1093 1339 1123 οὐκ
1354 1091 1527 1132 ἀθέμιστον)
1543 1093 1584 1124 Β.

207 1134 221 1154 9
237 1141 358 1166 ΕΟΤΩΡ
373 1137 408 1165 1..
424 1135 525 1175 sib-*rme
542 1146 579 1165 ex
597 1138 674 1175 conj.
689 1136 721 1166 S.
734 1140 873 1174 tanquam
886 1146 924 1166 ex
941 1135 1042 1174 lapide
1055 1135 1098 1164 H.
1113 1135 1199 1176 ἵστωρ
1209 1146 1248 1165 ex
1260 1147 1336 1166 corr.
1350 1137 1388 1166 B.
1427 1136 1451 1154 ¹⁰
1466 1135 1648 1167 ἈθηναῖοιΑ.

339 1177 360 1199 ¹¹
384 1179 444 1217 περὶ
453 1178 564 1218 χθόνιον
580 1189 695 1214 omneS,
711 1178 770 1218 πεςί
785 1180 806 1208 οἱ
823 1177 925 1219 χθόνιον
941 1189 978 1208 ex
994 1180 1073 1217 conj.
1088 1179 1119 1209 S.
1137 1180 1216 1218 παρά
1227 1179 1248 1208 οῖ
1264 1178 1366 1219 χθόνιον
1381 1189 1460 1208 corr.
1477 1180 1516 1209 B.

230 1219 255 1238 ¹²
274 1226 507 1251 ΕΝΚΑΤΕΘΗΚΕ
523 1223 558 1251 t..

209 1308 294 1350 ψέξει.
315 1309 419 1348 ἐ’κγονος
437 1308 492 1350 μέν
510 1308 587 1339 ἔστιν
605 1309 667 1342 υἱός.
688 1308 794 1348 ἔγγονος
811 1308 838 1339 δὲ
857 1308 910 1343 υἶός

209 1353 276 1382 υἱοῦ.
297 1351 428 1390 ἀπόγονος
448 1351 476 1382 δὲ
497 1353 509 1382 ὅ
531 1353 585 1382 τῶν
605 1351 718 1391 ἐγγόνων
736 1352 831 1382 πάλιν
848 1352 912 1386 υἱός.

210 1395 361 1425 Memorat
380 1405 499 1434 quoque
516 1395 665 1430 visconti,
686 1395 716 1424 in
740 1395 910 1435 anaglypho

212 1437 316 1466 Musei
340 1438 496 1476 Ghigiani,
519 1437 726 1467 Alexandrum
751 1437 912 1477 Magnum,

211 1479 316 1517 ἔκγονον
325 1478 399 1515 Διὸς,
415 1480 474 1509 i.e.
488 1480 595 1519 prolem
607 1479 821 1514 Jovis‚dicium
831 1490 911 1509 esse.

254 1521 351 1554 Κείνοις
370 1539 382 1546 -
406 1538 418 1544 -
442 1538 454 1543 -
478 1522 550 1562 ἱρῶν]
569 1522 629 1551 Pro
650 1521 748 1562 ἵστωρ,
765 1522 796 1551 in
811 1521 912 1561 lapide

213 1564 326 1603 legitur
341 1567 474 1594 ΕΟἹῺΡ.
489 1563 589 1604 ἵστωρ,
604 1564 655 1603 qui
672 1565 730 1594 scit
741 1566 822 1603 jura,
832 1565 912 1594 arbi-

214 1612 272 1643 ter,
287 1606 310 1638 ἰ.
321 1617 349 1645 q.
365 1607 678 1646 pigrum—Verbum
693 1608 823 1647 τιμίιοςος
843 1607 912 1636 illu-

214 1653 290 1679 strat
315 1649 416 1679 Schol.
442 1650 587 1688 Apollon.
612 1649 710 1679 Rhod.
735 1650 792 1679 1V.
820 1652 913 1681 1309.

214 1692 360 1731 τιμάορος,
368 1691 531 1729 -ἔκδικος,
542 1691 646 1732 ἐ’φορος.
657 1692 781 1722 Pindar.
791 1692 913 1732 Olymp.

387 1792 511 1846 προξενίᾳ
525 1792 548 1823 δ’
562 1794 650 1833 eigs-tq.

343 1833 471 1867 Τ”ἦλθον
483 1837 617 1876 τιμάορος
630 1833 776 1876 ’Io-&falat-

343 1890 374 1908 σι
389 1884 461 1919 Λοιμ
463 1879 616 1920 προμάχου
629 1890 682 1918 μι-

345 1932 435 1962 τςοιις.

219 1987 282 2018 Ubi
296 1988 427 2028 τιμάορος
441 1993 488 2018 est
507 1988 639 2018 honorem
655 1987 828 2027 adjungens,
849 1986 873 2016 i.
889 1998 919 2026 q.

217 2031 353 2069 τιμητῆς,
367 2030 501 2069 ὑμνητής.
518 2030 683 2060 Salmasius
695 2030 724 2059 in
735 2030 850 2059 Codice
863 2039 919 2059 suo

218 2073 347 2102 invenit:
373 2079 432 2102 ΚΑΙ
456 2079 524 2102 ΓΑΡ
549 2079 706 2103 ΑΘΗΝΑΙΗ
727 2079 807 2102 ΠΕΡΙ
830 2077 919 2101 xeo-

220 2120 302 2144 NION
316 2119 488 2151 BACIAEA,
499 2119 529 2145 et
545 2121 576 2145 ut
591 2121 718 2145 metrum
735 2116 918 2150 restitueret,

221 2157 411 2187 emendavit:
428 2156 506 2198 πεςί
519 2158 546 2187 οἱ
560 2155 696 2198 χθόνιον
711 2157 752 2190 Β.-
765 2157 920 2188 Brunkius

221 2200 414 2229 scribendum
436 2202 620 2240 conjecerat:
651 2201 745 2240 ποιςά,
768 2201 796 2230 οἱ
819 2199 922 2241 χθόνιον

221 2241 357 2274 Βασιλῆα.
390 2243 548 2273 Plutonem
577 2243 703 2273 scilicet.
756 2244 796 2272 At
821 2243 920 2282 qualis

221 2288 284 2313 tum
314 2286 438 2315 sensus?
478 2286 614 2316 Salmasii
650 2285 740 2315 lectio
768 2285 921 2315 simillima

221 2326 413 2363 Arcudianae,
435 2339 501 2367 quae
526 2333 640 2358 tantum
667 2328 754 2358 addit
779 2339 823 2358 τε.
855 2327 918 2358 vid.

221 2369 358 2399 Viscont.
364 2371 645 2400 —Erichthonium
661 2381 677 2400 a
690 2371 831 2400 Minerva
845 2376 919 2400 tem-

221 2411 273 2450 plo
295 2413 461 2450 repositum
484 2423 565 2448 esse,
587 2413 688 2444 fabula
711 2414 816 2453 pueris
839 2419 919 2444 nota.

221 2454 285 2484 vid.
301 2455 522 2493 Apollod.111.
540 2459 591 2486 14.
606 2457 638 2484 7.

263 2496 464 2539 Ἐγκοιτέθηκε]
482 2498 572 2537 Lapis
586 2503 831 2528 ΕΝΚΑΤΕΘΗΚΕ.
861 2499 919 2528 Va-

221 2539 266 2568 ria
290 2540 368 2570 ratio
389 2541 550 2571 scribendi.
578 2541 615 2569 In
636 2541 838 2579 Inscriptione
859 2541 918 2571 Cu-

221 2590 297 2611 maea
323 2584 402 2621 apud
432 2583 556 2621 Caylus,
586 2583 716 2612 Recueil
745 2584 800 2613 des
829 2583 919 2613 Anti-

222 2623 333 2663 quiffis,
348 2626 386 2654 Τ.
398 2626 444 2655 11.
463 2627 509 2655 ΡΙ.
525 2626 661 2655 LXVII.
680 2626 731 2655 lin.
745 2628 796 2656 35.
810 2626 920 2665 legitur

223 2673 266 2696 EN
294 2672 402 2697 οΠΛΩ.
430 2673 471 2698 EN
500 2673 637 2703 ΧΡΥΟΩ,
663 2668 712 2697 ubi
741 2668 788 2698 vir
812 2668 921 2698 doetus

223 2714 314 2744 errat,
341 2710 393 2748 qui
418 2710 460 2739 ait
485 2710 646 2749 legendum
670 2721 752 2741 esse.
790 2709 815 2740 ἐν
842 2710 921 2749 ὅπλῳ

224 2750 250 2781 ἐν
271 2751 380 2792 χςυο-ᾦ,
400 2762 466 2781 cum
487 2753 653 2788 debuisset,
671 2752 698 2783 ἐν
721 2752 799 2791 δ’πλῳ
820 2751 921 2794 ἔγχρύ·

224 2805 278 2833 σῳ.
301 2793 363 2823 vid.
389 2794 529 2824 Viscont.
554 2796 598 2825 sic
625 2796 730 2834 κόσμον
757 2797 923 2837 πάγχρυσ-ον

225 2840 317 2875 poeta
327 2836 407 2865 dixit
417 2836 561 2872 incertus,
572 2840 652 2877 apud
662 2837 843 2869 Athenaeum
853 2838 922 2868 Lib.

225 2879 284 2908 vl.
297 2888 368 2917 pag.
385 2879 456 2909 233.
501 2880 634 2909 Consule
655 2888 800 2919 praeterea
820 2882 922 2910 erudi-

225 2924 286 2950 tam
296 2920 444 2950 viscontii
454 2921 688 2961 disputationem
698 2925 738 2953 de
750 2924 922 2953 Philodemi

226 2963 305 3000 loco,
317 2964 355 2994 de
368 2963 498 2999 Musica,
515 2974 584 3004 pag.
599 2967 670 2996 180.
689 2966 740 2996 ubi
755 2977 811 3005 pro
825 2965 920 3003 ἐγκε-

626 1220 650 1239 ¹³
671 1220 857 1252 ἐπιπεύσεται
874 1232 913 1251 ex
929 1222 1007 1260 conj.
1024 1222 1055 1250 S.
1071 1222 1106 1251 B.

1190 1221 1213 1242 ¹⁴
1234 1221 1316 1252 αὐτὸν
1330 1224 1364 1252 C.
1380 1222 1412 1251 S.
1425 1222 1567 1253 afa-ravA.
1583 1222 1626 1252 H.

944 1309 1142 1351 κλασμὲνῃ,
1154 1312 1231 1340 male
1243 1312 1397 1351 vulgatum
1409 1316 1470 1342 est:
1483 1311 1646 1343 ἐνκεκλα-

945 1352 1070 1394 σμένῃ.
1102 1355 1205 1383 Pauca
1215 1363 1282 1393 quae
1296 1355 1523 1386 observavimus
1535 1356 1648 1386 addere

945 1396 1046 1426 liceat.
1062 1397 1164 1435 ἀνγεῖον
1185 1407 1241 1435 pro
1258 1398 1379 1434 ἀγγεῖον,
1397 1398 1427 1426 in
1443 1398 1649 1436 Inscriptione

946 1438 1097 1477 Smyrnaea
1107 1440 1252 1479 occurrit,
1261 1441 1342 1470 edita
1353 1450 1370 1469 a
1378 1440 1478 1470 Patin.
1493 1441 1648 1480 Inscriptt.

946 1481 1065 1519 Smyrn.
1076 1491 1147 1520 pag.
1161 1484 1211 1512 27.
1227 1484 1339 1520 συνγενῐῑ
1352 1494 1408 1522 pro
1422 1486 1550 1521 συγγενῆ,
1565 1483 1650 1513 inve-

947 1523 1012 1552 nies
1038 1523 1068 1552 in
1097 1525 1242 1554 Marmor.
1273 1526 1374 1554 Oxon.
1404 1526 1516 1555 XXV.
1539 1530 1566 1555 1.
1588 1527 1648 1556 cnf.

948 1565 1108 1595 Falconer.
1138 1566 1298 1606 Inscriptt.
1327 1568 1467 1596 Athleth.
1497 1578 1566 1606 pag.
1596 1570 1648 1600 66.

947 1608 1060 1646 Spanh.
1081 1609 1118 1637 de
1134 1610 1200 1638 Usu
1224 1614 1254 1638 et
1275 1610 1383 1640 Praest.
1407 1610 1557 1640 Numism.
1578 1621 1649 1651 pag.

950 1653 1019 1682 119.
1050 1651 1259 1691 Barthelemy,
1281 1662 1333 1681 sur
1356 1663 1412 1681 une
1431 1652 1575 1682 ancienne
1598 1655 1648 1683 In-

949 1692 1378 1733 scriptionGrecquerelative
1387 1705 1447 1724 aux
1456 1695 1584 1724 finances
1593 1697 1651 1726 des

948 1735 1131 1774 Atheniens,
1161 1747 1193 1775 p.
1218 1739 1268 1768 82.
1315 1736 1516 1768 Robertson's
1543 1738 1650 1768 Parian

951 1779 1122 1814 Chronicle,
1139 1780 1209 1809 with
1228 1790 1245 1809 a
1258 1780 1453 1810 dissertation
1471 1782 1651 1820 concerning

950 1821 990 1850 its
1003 1821 1212 1861 authenticity,
1222 1833 1292 1862 pag.
1304 1824 1492 1853 56.—lnud
1505 1821 1555 1862 νηᾲἳ
1565 1822 1650 1862 ἐγκοι-

951 1862 1068 1899 τὲθηκε,
1093 1865 1174 1903 quod
1200 1875 1287 1894 nemo
1314 1866 1502 1901 observavit,
1528 1876 1649 1906 compa-

951 1907 1078 1935 randum
1100 1917 1166 1936 cum
1188 1907 1318 1943 Arateis,
1340 1908 1442 1938 Phaen.
1465 1911 1515 1938 16.
1540 1909 1591 1938 ubi
1612 1910 1650 1939 de

953 1948 1050 1979 Jove:

1095 2023 1097 2025 .
1250 2000 1317 2051 ’όρεος
1331 2001 1431 2041 σχεδὸν
1445 2000 1546 2031 Ἰδαίοιο

991 2039 1097 2082 Ἀντξῳ
1127 2041 1139 2071 ἒ
1148 2053 1242 2080 γκοιτ
1250 2053 1260 2072 ε
1253 2042 1283 2072 θ
1292 2053 1376 2080 εντο,
1406 2055 1452 2074 και
1478 2044 1588 2084 ἔτρεφον
1614 2044 1651 2078 εἷς

1080 2084 1200 2115 ἐνιαυτὸν

997 2129 1125 2159 Δικταῖοι
1138 2130 1268 2168 Κουξῆτες
1280 2127 1326 2158 δ’τε
1342 2128 1429 2170 Κρόνον
1442 2128 1597 2166 ἐψεύδοντο.

955 2194 1044 2224 Unde
1071 2195 1171 2224 Moero
1189 2195 1371 2235 Byzantina,
1387 2205 1436 2235 ap.
1455 2196 1563 2226 Athen.
1584 2195 1652 2226 Lib.

954 2237 1019 2267 XI.
1035 2247 1103 2277 pag.
1121 2240 1195 2268 491.
1216 2239 1249 2267 Β.

997 2297 1063 2330 Ζεὺς
1077 2294 1103 2324 δ’
1114 2295 1156 2335 ἄρ’
1174 2295 1208 2325 ἐνὶ
1223 2296 1312 2338 Κρήτῃ
1324 2295 1442 2337 τρέφετο
1459 2295 1567 2337 μέγας,
1588 2297 1616 2328 οὐ
1630 2295 1653 2327 δ’

1080 2339 1134 2378 ἆραι
1149 2350 1194 2372 τις
1207 2350 1243 2369 νιν

995 2380 1082 2423 Ἠᾔδει
1097 2383 1232 2421 μοικάςων
1276 2399 1288 2405 -
1333 2399 1346 2405 -
1390 2399 1402 2406 -

953 2449 1164 2484 Callimachus,
1187 2458 1244 2488 pro
1269 2447 1357 2488 ἄντρῳ
1381 2447 1579 2487 ἐγκατέθεντο,
1609 2449 1651 2480 ita

951 2491 1003 2530 νηῷ
1016 2491 1095 2521 dixit
1108 2491 1210 2531 hymn.
1225 2491 1254 2520 in
1272 2492 1363 2522 Dian.
1379 2494 1451 2523 229.

1227 2574 1240 2581 -
1283 2560 1325 2590 croi
1341 2559 1364 2590 δ’
1379 2559 1567 2600 Ἀγαμέμνων

994 2602 1130 2632 Πηδάλιον
1144 2601 1198 2636 νηδς
1212 2601 1349 2643 σφετέρης
1363 2602 1535 2642 ἐγκάθετο
1547 2602 1607 2641 νηᾷἱ.

995 2667 1209 2710 'Eoi-miserae]
1257 2670 1445 2709 Recipienda
1469 2670 1532 2699 haec
1558 2669 1648 2698 lectio

954 2721 1022 2740 cum
1037 2712 1162 2742 Salmas.
1179 2719 1209 2742 et
1223 2713 1361 2743 Viscont.
1378 2713 1468 2741 αὐτῶν
1486 2722 1541 2750 pro
1555 2711 1651 2744 αὐτοῖς

955 2754 1084 2793 conjecit
1103 2755 1231 2786 Salmas.
1252 2762 1292 2792 at,
1321 2755 1415 2794 magis
1443 2755 1552 2793 lapidis
1575 2754 1650 2783 scri-

955 2801 1042 2835 ptura
1058 2798 1222 2836 probanda.
1258 2799 1338 2837 Apte
1357 2797 1505 2832 visconti,
1522 2796 1651 2826 Homeri

955 2840 1054 2869 locum
1070 2846 1282 2871 commemorat
1296 2841 1335 2870 ΙΙ.
1352 2838 1393 2876 ψ’.
1408 2840 1481 2869 300.

989 2898 1048 2934 ι’.Ως
1063 2898 1156 2939 ἔφαθ’,
1180 2901 1202 2930 οἳ
1224 2899 1247 2928 δ’
1261 2899 1314 2938 ἄξοι
1330 2899 1380 2929 τοῦ
1393 2899 1481 2939 μάλα
1502 2896 1558 2939 μὲν
1574 2896 1652 2928 κλύον

1079 2941 1120 2973 ἥδ’
1135 2941 1274 2973 ἐπίθοντο.
