1981 3255
479 226 872 269 DISSERTATIO
905 228 986 268 DE
1018 228 1292 270 DEMADE.
1518 231 1596 272 517

181 341 376 379 funeribus
420 341 653 386 venditabat,
691 354 776 378 cuni
814 340 1029 390 probasset,
1066 340 1188 390 ipsum
1232 355 1404 391 magnum
1451 344 1595 382 lucrum

181 408 347 451 optasse,
373 401 471 452 quod
499 401 553 438 illi
582 401 800 451 contingere
820 402 898 438 sine
920 401 1121 438 multorum
1148 409 1269 439 morte
1296 416 1368 441 non
1398 405 1597 454 potuisset.

180 462 312 499 Nihilo
332 463 453 499 minus
477 468 513 499 et
539 461 700 499 subinde
728 475 833 499 veras
858 462 971 499 animi
998 462 1246 512 cogitationes
1274 464 1395 502 celare
1417 467 1595 516 nequivit.

180 524 266 561 Huc
295 523 473 572 pertinet,
508 523 608 570 quod
642 524 868 573 persuaserit
900 523 1205 568 Atheniensibus,
1239 530 1279 561 ut
1308 524 1343 560 in
1373 528 1596 565 concionem

180 584 402 621 Graecorum
435 583 685 633 Philippicam
713 584 814 621 omni
844 584 958 621 modo
988 584 1105 634 recipi
1136 584 1345 622 studerent.
1415 587 1596 630 Quamvis

179 643 276 680 enim
299 643 593 689 Demosthenes,
613 643 795 688 Phocion,
818 646 946 681 caeteri
964 651 1237 694 repugnarent:
1269 645 1434 695 populus
1457 653 1593 693 tamen,

180 704 462 742 Macedonibus
481 718 672 742 assensum
692 705 904 743 inconsulto
924 705 1071 742 fervore
1091 705 1332 755 sequebatur.
1380 705 1598 755 Reprehen-

179 765 296 803 debat
332 766 497 817 quidem,
531 766 760 804 detrimento
797 780 864 816 per
900 767 983 816 ejus
1021 766 1216 803 consilium
1257 772 1430 817 accepte,
1467 770 1601 806 civitas

180 827 405 864 Demadem.
462 828 539 864 Hic
558 833 681 864 autem
703 827 829 864 denuo
857 840 987 864 suasor
1012 828 1171 872 exstitit,
1201 833 1240 864 ut
1268 827 1323 864 sni
1349 840 1480 879 pacem
1504 829 1602 866 bello

179 888 417 936 praeferrent,
431 903 474 927 ac
491 888 714 926 Macedonis
731 889 929 938 imperium
946 889 1132 939 patienter
1149 889 1366 927 tolerarent.
1408 890 1602 928 Habemus

180 954 217 986 et
235 949 334 987 aliud
361 950 487 988 adhuc
513 951 595 1000 ejus
625 950 832 995 decretum,
859 963 949 1000 quo,
978 963 1064 987 cum
1091 950 1306 988 Alexander
1331 964 1351 988 a
1370 951 1511 987 Thebis
1538 964 1604 988 ex-

177 1012 353 1060 pugnatis
372 1010 784 1061 legationemAthenas
803 1010 984 1056 mitteret,
1001 1010 1047 1047 de
1065 1010 1197 1047 decem
1213 1003 1428 1047 oratoribus
1448 1012 1604 1060 punien-

178 1071 251 1116 dis,
273 1072 467 1110 consilium
487 1072 635 1110 illorum
661 1072 941 1110 liberandorum
962 1085 1076 1110 causa
1096 1072 1212 1122 cepit,
1234 1086 1376 1110 summa
1395 1072 1602 1121 diligentia,

178 1133 314 1182 populi
333 1134 497 1179 nomine,
519 1133 673 1172 factum.
723 1134 809 1172 Hoc
830 1135 913 1185 ipso
933 1133 1064 1171 decem
1085 1133 1170 1171 illos
1190 1134 1415 1178 excusabat;
1445 1134 1499 1171 sin
1516 1147 1602 1172 vero

178 1194 235 1230 vel
257 1195 465 1242 peccarint,
486 1195 772 1244 promissionem
792 1195 1033 1242 annectebat,
1058 1208 1122 1232 eos
1146 1195 1328 1245 populum
1349 1209 1430 1233 esse
1450 1195 1602 1246 punitu—

178 1267 259 1291 rum
300 1255 435 1303 (Diod.
475 1256 554 1293 Sic.
585 1257 714 1293 XVII.
740 1262 803 1295 15.
844 1258 945 1295 Plut.
974 1258 1010 1294 in
1049 1257 1247 1295 Demostb.
1281 1261 1297 1304 ξ
1328 1260 1418 1306 23.).
1490 1258 1603 1296 Forte

179 1321 269 1352 tunc
295 1323 334 1353 et
360 1317 577 1366 psephisma
603 1318 770 1368 scripsit,
796 1319 844 1356 de
871 1319 1087 1357 Alexandro
1113 1319 1296 1368 majorum
1325 1321 1480 1358 deorum
1510 1334 1603 1358 con-

180 1377 298 1413 sessui
321 1375 536 1427 jungendo,
562 1392 674 1429 quem
699 1380 878 1417 honorem
901 1380 983 1428 jam
1012 1380 1213 1430 Philippus
1238 1382 1445 1419 affectarat.
1501 1381 1604 1418 Hinc

179 1436 259 1486 ipse
278 1438 437 1487 legatus,
465 1451 533 1488 per
559 1440 715 1488 gratiam
739 1447 776 1477 et
802 1440 1055 1491 eloquentiam
1081 1454 1200 1485 suam,
1230 1447 1399 1478 oratores
1420 1442 1605 1489 liberavit,

182 1498 324 1547 totique
361 1500 505 1548 populo
543 1500 780 1538 clementiam
813 1501 1022 1539 Alexandri
1056 1503 1305 1552 comparavit.
1374 1502 1607 1541 Evolvantur

182 1560 362 1596 Arrianus
382 1560 428 1596 de
449 1561 586 1610 exped.
607 1561 716 1598 Alex.
739 1563 769 1598 I.
791 1567 854 1599 10.
875 1562 973 1599 Plut.
993 1562 1029 1599 in
1046 1563 1156 1600 Alex.
1175 1567 1204 1610 §-
1224 1567 1287 1600 12.
1310 1563 1453 1600 caeteri.
1502 1564 1604 1607 Quin

183 1618 291 1657 simul
319 1634 388 1670 pro
414 1621 606 1659 Thebanis
637 1623 841 1672 transfugis
866 1623 1060 1660 fructuose
1089 1624 1320 1673 deprecatus
1348 1632 1416 1662 est.
1475 1625 1538 1662 Sic
1568 1632 1606 1662 et

181 1679 286 1725 alias,
303 1682 405 1731 qnod
428 1682 531 1719 salvo
549 1683 805 1721 Macedonum
825 1684 1019 1721 dominatu
1041 1683 1123 1721 fieri
1140 1691 1302 1733 poterat,
1321 1685 1468 1721 civibus
1490 1685 1605 1734 prod-

182 1754 261 1779 esse
283 1743 478 1781 laboravit.
539 1744 714 1782 Ridendo
735 1746 927 1795 praecipue
949 1758 1072 1782 verum
1095 1744 1263 1790 dicebat,
1284 1751 1320 1781 et
1343 1744 1480 1782 Atticis
1505 1746 1603 1782 auri-

181 1803 252 1840 bus
279 1817 317 1840 se
346 1811 464 1842 totum
493 1806 821 1843 accommodabat.
876 1806 927 1843 Ut
958 1807 1029 1843 hoc
1058 1812 1140 1843 utar
1168 1806 1356 1855 exemplo,
1387 1819 1474 1843 cum
1502 1807 1604 1844 cives

181 1877 270 1901 suos
288 1865 504 1916 aliquandO,
523 1866 636 1903 rebus
663 1867 769 1903 novis
796 1866 994 1904 audiendis
1022 1867 1143 1909 solum
1166 1866 1343 1911 intentos,
1365 1868 1601 1916 negotiorum

181 1939 307 1963 curam
341 1928 512 1964 omittere
541 1927 704 1971 videret;
746 1927 848 1964 illam
877 1928 1012 1977 ipsam,
1046 1928 1104 1965 vel
1135 1928 1274 1971 sabula,
1310 1928 1604 1975 commendavit,

180 2000 292 2038 quam
314 1988 349 2024 in
367 1988 604 2037 AEsopiarum
624 1988 775 2025 collect.
797 2001 832 2025 n.
853 1992 943 2029 178.
964 1989 1135 2038 legimus.
1193 1989 1328 2026 Suidas
1349 1989 1476 2033 refert,
1499 1990 1601 2039 quod

181 2056 219 2085 et
245 2049 379 2086 aluerit
405 2062 534 2100 equos,
561 2050 674 2098 inque
699 2050 797 2086 ludis
819 2049 1031 2100 Olympicis
1059 2050 1178 2087 victor
1205 2050 1430 2088 discesserit.
1487 2051 1602 2101 Apud

180 2109 397 2146 Edvardum
430 2110 583 2159 quidem
613 2109 811 2147 Corsinum
845 2110 943 2148 inter
974 2111 1199 2161 Olympicus
1229 2113 1394 2148 victores
1425 2111 1528 2148 nulla
1560 2111 1604 2149 fit

183 2171 319 2207 mentio
336 2170 532 2206 Demadis.
581 2169 640 2206 De
661 2170 748 2207 solis
768 2171 880 2220 igitur
896 2171 1049 2216 Atticis,
1068 2183 1113 2208 ac
1133 2171 1341 2209 minoribus
1360 2172 1431 2209 hoc
1451 2172 1603 2210 nomine

181 2231 292 2275 ludis,
314 2231 360 2268 de
379 2232 516 2281 quibus
543 2244 654 2280 aeque
680 2232 830 2269 Corsini
858 2232 1038 2281 loquitur,
1066 2233 1136 2269 erit
1163 2233 1429 2282 intelligendus
1451 2233 1603 2281 Suidas,

181 2292 245 2342 qui
270 2292 317 2328 de
342 2292 474 2329 eodem
501 2299 644 2329 narrat:
678 2290 782 2334 οὗτος
806 2294 976 2330 κατέλυσε
1002 2296 1048 2330 τά
1073 2292 1284 2342 δικαστήρια
1309 2295 1368 2330 καὶ
1393 2292 1475 2336 τοὺς
1498 2296 1602 2344 ῥητο-

179 2353 299 2402 ρικοὺς
319 2354 482 2401 ἀγῶνας.
539 2352 583 2390 Id
605 2365 686 2390 esse
706 2354 848 2390 factum
869 2354 1031 2398 videtur,
1060 2366 1146 2391 cum
1174 2353 1330 2402 ejiceret
1356 2361 1540 2401 oratores,
1564 2362 1603 2392 et

183 2413 312 2450 urbem
345 2413 550 2463 Antipatro
583 2413 763 2460 traderet,
794 2420 834 2450 ut
867 2414 965 2451 illius
997 2428 1096 2452 nunc
1130 2414 1278 2459 diversa
1311 2414 1418 2452 fieret
1449 2415 1486 2452 in
1517 2415 1602 2453 foro

177 2475 319 2524 pariter
343 2475 632 2513 administratio.
687 2475 860 2513 Forsitan
886 2476 958 2514 hoc
984 2483 1170 2526 tempore,
1198 2477 1302 2526 quod
1332 2477 1431 2515 idem
1462 2485 1601 2526 narrat,
1641 2485 1644 2488 ’

177 2536 319 2585 populo
347 2536 549 2574 discedens
579 2536 693 2574 dixit:
733 2538 811 2574 οὔτε
837 2536 972 2575 ἑαυτῶν
999 2537 1080 2575 ἐστὲ
1106 2538 1227 2588 κύριοι,
1257 2536 1334 2575 οὔτε
1359 2538 1459 2589 ἐμοῦ.
1515 2540 1599 2577 Nec

175 2598 381 2635 admodum
396 2600 543 2645 errabo,
562 2598 591 2635 si
610 2599 988 2646 commemoraverim,
1003 2599 1091 2637 inde
1111 2606 1234 2637 natam
1252 2614 1332 2638 esse
1348 2603 1598 2639 narrationem

178 2659 332 2696 Tzetzae
362 2660 462 2698 Chil.
483 2660 550 2697 VI.
584 2663 777 2700 177-181.
807 2661 854 2698 de
878 2660 1014 2711 linguis
1043 2668 1233 2699 oratorum
1253 2663 1483 2708 Atticorum,
1513 2676 1598 2700 cum

180 2720 310 2756 caeteri
331 2728 568 2766 necarentur,
589 2727 722 2770 rogatu
742 2721 938 2766 Demadis,
964 2721 1084 2758 solum
1110 2722 1287 2762 exsectis.
1342 2724 1400 2760 Ita
1430 2722 1599 2772 quidem,

182 2791 267 2816 cum
286 2780 366 2828 ipse
387 2781 457 2818 sub
476 2782 675 2831 Antipatro
700 2781 889 2832 naufragia
914 2782 1135 2832 reipublicae
1157 2796 1195 2820 se
1214 2784 1424 2832 gubernare
1444 2783 1599 2832 profite—

184 2845 303 2882 retur;
328 2840 416 2889 jure
437 2854 504 2878 suo
525 2843 648 2880 vocari
667 2843 792 2892 potuit.
812 2856 832 2880 a
848 2843 1054 2881 Plutarcho
1073 2843 1109 2880 in
1126 2843 1245 2882 Phoc.
1266 2848 1296 2891 ξ.
1318 2849 1353 2881 1.
1376 2844 1598 2893 reipublicae.

181 2898 428 2949 naufragium.

236 2960 282 2996 V.
312 2960 478 3007 Interim,
499 2964 706 3001 secundum
725 2965 892 3011 Suidam,
909 2965 1082 3015 proditor
1100 2978 1281 3015 perquam
1297 2963 1414 3008 dives,
1432 2963 1599 3015 Philippi
