1981 3255
710 202 1061 246 LYCURGEAE.

176 320 394 362 κατανέμεσθαι
407 324 455 353 τὴν
468 322 569 362 χώραν.
585 324 657 355 194,
673 323 723 350 22.

176 365 405 394 καταπτήσσειν.
421 367 493 400 165,
511 364 565 393 ult.

177 408 407 437 κατασκάπτειν.
422 409 494 441 182,
510 408 540 436 8.
562 407 635 439 239,
652 406 701 435 17.

177 451 371 478 κατατάττειν
383 450 431 479 τὴν
449 446 584 488 τιμωρίαν
603 448 640 481 εἰς
659 446 727 477 αὐτὸ
745 447 840 481 τοῦτο,
860 444 872 474 ὃ

219 490 359 530 μαλίστα
373 490 532 530 φοβοῦνται.
548 493 621 525 227,
638 491 689 520 ult.

178 535 325 572 καταφανῆ
338 530 474 563 ἐποίησαν
492 535 540 564 την
555 533 670 572 ἀνδρείαν
687 533 735 562 τοῦ
751 530 873 561 πλούτου

1517 199 1599 240 503

946 317 1059 357 σμέναι.
1076 321 1149 353 204,
1166 328 1235 356 pen.

904 361 1005 398 κύκλῳ.
1019 363 1093 397 201,
1109 363 1139 391 3.
1164 363 1237 396 227,
1256 365 1283 390 1.

906 402 992 441 κύριος
1008 402 1100 441 ψήφου
1115 401 1255 441 γίνεσθαι.
1273 405 1345 440 178,
1363 407 1412 434 21.

1239 510 1274 534 Λ.

221 575 267 604 καὶ
284 577 331 605 τὴν
346 576 440 614 ἀρετὴν
454 578 502 605 τοῦ
518 575 650 609 «πλήθους
661 572 873 615 περιγενομένην,
907 571 1059 612 λαγχάνειν
1083 570 1194 610 τύμβον
1217 569 1306 607 κοινὸν,
1333 570 1456 600 εὔκλειάν
1480 569 1508 598 τ’
1535 570 1604 601 ἴσην.

221 616 253 645 id
269 622 326 651 est,
350 616 522 657 ἐφανέρωσαν
539 618 582 648 ὅτι
603 619 616 648 ἦ
636 617 740 657 ἀνδρεία
761 614 874 655 ωεριγί-

171 697 174 701 ’
221 669 317 696 γνεται
332 661 381 689 τοῦ
394 660 528 696 πλούτου,
548 660 595 690 καὶ
610 661 623 691 ἦ
637 662 717 701 ἀρετὴ
730 660 778 689 τοῦ
795 657 875 688 πλή-

223 701 300 734 θους,
317 703 390 738 215,
406 706 436 733 2.

182 743 367 783 καταφεύγειν
387 743 433 774 ἐπὶ
453 744 558 784 βωμόν.
581 748 653 780 198,
670 745 723 773 ult.
752 743 790 778 εἷς
806 742 876 784 ἱερόν.

224 789 297 821 226,
314 798 379 825 pen.

181 827 413 866 καταψεύδεσθαι
440 830 488 858 τοῦ
512 829 647 860 δεσπότου
668 830 707 858 τοὶ
732 831 773 868 μῆ
801 828 878 858 ὄντα.

227 873 298 908 161,
315 874 347 902 3.

183 912 445 953 καταψηφίζεσθαι.
463 925 491 943 v.
508 915 742 952 καταγικώσκειν.

184 956 381 997 κατελέγχειν.
400 967 603 996 corrumpere.
619 960 693 991 213,
708 960 739 987 2.

185 998 371 1039 κατέρχονται
387 1001 407 1029 οἱ
423 998 576 1038 φεύγοντες.
595 1001 668 1034 238,
683 1002 714 1029 8.

185 1041 332 1082 κατέχειν]
353 1039 398 1081 ἆρ’
420 1043 487 1082 ὑμῖν
504 1042 622 1071 δοκοῦσιν
642 1043 663 1071 οἱ
685 1040 778 1081 μικροὶ
797 1040 843 1069 καὶ
861 1040 881 1070 οἱ

228 1085 365 1124 τυχόντες
378 1085 455 1123 φόβοι
471 1084 537 1114 τότε
555 1085 604 1115 την
617 1084 697 1113 πόλιν
711 1084 881 1124 κατασχεῖν.

231 1130 303 1162 164,
319 1130 369 1158 13.
384 1127 457 1166 φλὸξ
468 1127 591 1167 πολεμία
603 1127 720 1168 κατέχει
733 1128 780 1157 την
793 1127 884 1155 πόλιν.

229 1171 303 1204 206,
318 1172 348 1200 3.

185 1211 314 1241 κεῖσθαι.
337 1212 507 1250 expositus,
531 1213 559 1241 in
584 1212 682 1241 medio
709 1211 884 1250 propositus

187 1288 189 1290 v
230 1263 306 1284 esse.
323 1257 396 1290 240,
413 1255 466 1284 ult.

187 1296 264 1326 κινεῖν
277 1297 316 1325 τα
332 1297 387 1336 ἱερὰ
403 1295 434 1325 ἐκ
448 1298 497 1330 τῖς
513 1296 659 1337 πατρίδος.
678 1298 750 1331 155,
770 1297 820 1324 12.

186 1340 371 1379 κληρονομεῖν]
390 1339 579 1379 ἐκληρονόμουν
594 1341 641 1369 τὴν
661 1340 708 1376 γῆν
722 1338 768 1367 καὶ
784 1336 883 1367 τεθνη-

230 1380 320 1416 κότες.
337 1384 410 1418 197,
427 1385 456 1412 4.

187 1423 343 1463 κληρονόμοι
358 1424 438 1463 ὅρκων
451 1424 499 1453 καὶ
514 1422 655 1456 πίστεως.
673 1423 746 1459 225,
761 1425 810 1452 18.

189 1468 284 1506 κλῆρος
299 1467 435 1506 ἀκήρατος
449 1467 496 1496 καῖ
512 1465 591 1496 οἰκία.
607 1468 681 1502 210,
696 1468 726 1496 6.

190 1509 342 1539 κλητεύειν.
358 1513 430 1546 152,
446 1512 475 1539 2.

190 1549 284 1592 κοινδς]
310 1553 377 1582 κοινὴ
408 1552 560 1591 πρόφασις,
583 1562 671 1581 causa
694 1549 890 1592 (accusandi)

234 1605 300 1632 quae
317 1595 478 1633 unicuique
493 1594 553 1623 civi
565 1595 656 1623 debet
670 1604 737 1622 esse
753 1594 889 1627 honesta.

234 1642 309 1671 rata,
332 1641 363 1666 et
387 1636 533 1675 legitima.
566 1637 605 1665 τά
628 1637 701 1666 κοινά
723 1635 889 1675 ἀδικήματα

233 1678 281 1708 καὶ
292 1680 379 1713 κοινάς
387 1680 439 1714 τάς
449 1679 600 1718 προφάσεις
609 1678 679 1719 ἔχει.
692 1688 757 1717 quae
766 1678 890 1707 crimina

235 1721 319 1751 cives
332 1728 457 1752 cunctos
472 1722 597 1756 laedunt,
619 1731 721 1750 eorum
737 1720 890 1750 accusatio

235 1773 355 1803 quoque
365 1765 442 1803 juris
455 1770 500 1794 est
511 1763 689 1793 communis.
705 1766 776 1798 139,
791 1769 890 1802 autep.

236 1808 304 1837 κοινὴ
333 1807 430 1846 κρίσις.
456 1807 607 1845 judicium
629 1807 808 1844 majestatis,
832 1816 891 1844 quo

236 1849 350 1888 populo
366 1850 421 1879 toti
444 1860 498 1888 per
520 1853 772 1888 repraesentantes
786 1859 890 1887 perso-

235 1901 303 1921 nam
319 1891 384 1932 ejus
401 1892 523 1931 judices
540 1892 680 1930 judicare
703 1891 785 1927 iicet,
802 1901 893 1920 causa

236 1934 275 1963 ad
299 1944 400 1964 omnes
426 1935 590 1974 pertinens.
618 1936 691 1969 139,
716 1936 766 1964 16.
805 1936 893 1964 κοινῶν

235 1974 353 2006 ἐλπίδων
374 1975 545 2017 στερεῖσθαι.
570 1980 640 2012 180,
661 1981 760 2015 antep.
791 1977 828 2010 εἷς
846 1978 894 2006 τήν

235 2018 320 2047 κοινήν
334 2020 383 2053 τῆς
397 2019 503 2052 πόλεως
517 2018 651 2059 σωτηρίαν
664 2017 810 2058 τελευτᾷν.
820 2021 892 2053 174,

237 2064 268 2090 4.
286 2063 360 2097 196,
375 2062 428 2091 ult.
453 2064 526 2097 233,
545 2064 576 2091 7.
597 2060 707 2100 τύμβον
726 2061 805 2091 κοινὸν
822 2066 893 2098 λαγ-

236 2102 338 2142 χάνειν.
355 2106 428 2139 206,
443 2105 496 2133 ult.
512 2106 599 2137 κοινὰς
613 2104 735 2145 χάριτας
755 2105 896 2133 ἀπαιτεῖν.

237 2145 370 2184 praemia,
394 2147 443 2176 vel
466 2146 702 2176 redhostimenta
726 2146 815 2176 officii
842 2157 894 2185 po-

240 2198 337 2223 scere,
352 2199 410 2218 non
427 2189 482 2218 libi
496 2189 563 2224 soii,
578 2189 629 2228 qui
647 2190 825 2228 promeritus
841 2189 895 2224 sis,

239 2231 375 2268 propria,
401 2232 455 2261 sed
485 2231 551 2261 aliis
578 2242 695 2270 quoque
725 2232 894 2261 communia

239 2272 352 2308 sutura,
364 2273 472 2312 quibus
485 2274 587 2313 gratiae
600 2274 639 2303 nil
653 2273 808 2303 debeatur.
821 2276 894 2309 233,

241 2317 270 2344 1.
286 2316 334 2344 τοῦ
347 2317 429 2346 κοινοῦ
441 2318 520 2356 παρὰ
533 2319 627 2346 πᾶσιν
637 2315 713 2346 ἐλέου
725 2316 894 2357 ἠξιώθησαν.

240 2360 313 2392 234,
329 2360 359 2388 6.

196 2401 324 2430 κοινωνεῖν
335 2402 386 2434 τῆς
399 2400 502 2441 τύχης.
518 2404 592 2435 174,
605 2402 661 2432 uit.

197 2445 296 2477 κοινῶς.
312 2446 384 2478 233,
401 2445 430 2475 9.
456 2444 508 2473 ubi
524 2445 687 2484 λειτουργεῖν
703 2445 893 2475 subauditur.

196 2485 281 2517 κονία.
299 2489 371 2521 213,
388 2488 437 2516 19.

198 2526 315 2568 κουριδία
330 2529 442 2570 ἄλοχος.
460 2531 533 2564 212,
550 2533 600 2561 14.

198 2570 287 2612 κρίνειν
302 2571 415 2601 dicitur
439 2577 532 2609 actor,
553 2582 635 2601 reum
656 2572 686 2601 in
703 2573 754 2611 jus
773 2581 894 2601 vocans.

244 2615 315 2648 136,
327 2616 357 2645 3.
381 2613 508 2654 ἀδίκημα
525 2614 676 2655 κεκριμένον
692 2615 739 2644 καὶ
760 2623 896 2651 κατεγνω-

241 2654 350 2694 σμένον.
369 2659 442 2692 177,
462 2659 491 2687 2,
517 2657 601 2697 νεκρόν
622 2657 712 2697 κρίνειν
733 2655 895 2696 «προδοσίας.

211 2723 213 2726 .
242 2700 316 2733 218,
333 2702 362 2728 1.

200 2740 302 2780 κρίσις]
318 2739 485 2781 ἀείμνηστον
504 2741 551 2771 καὶ
568 2740 740 2780 καταλείψει
760 2742 818 2775 τοῖς
836 2740 897 2771 ἔπι-

203 2813 208 2816 ,
243 2783 408 2822 γινομένοις
420 2786 468 2814 τὴν
482 2783 576 2823 κρίσιν.
594 2788 666 2820 140,
682 2789 713 2816 9.
735 2783 821 2823 κρίσιν
832 2796 897 2824 προ-

243 2823 335 2858 δῦσῖας
349 2824 374 2855 ἒν
392 2826 435 2864 τῷ
456 2826 535 2865 δήμῳ
550 2827 604 2868 οὐχ
618 2826 800 2866 ὑπομένοντα.
825 2829 899 2864 219,

243 2868 295 2896 13.
318 2867 404 2906 κρίσις
416 2879 479 2907 ·pr0
499 2868 659 2909 κατηγορία,
679 2876 825 2910 quatenus
847 2880 897 2899 ac-

242 2910 358 2938 cusatio
373 2910 406 2938 id
421 2911 523 2947 efficit,
542 2918 575 2942 ut
590 2913 619 2942 in
635 2913 746 2943 crimen
763 2912 895 2951 inquira-

242 2954 302 2986 tur,
322 2954 393 2986 138,
411 2955 461 2982 10.

199 2992 317 3033 κτίζειν]
335 2993 430 3027 πόλεις
443 2997 554 3025 πεσσῶν
563 2996 701 3038 διαφοραῖς
711 2997 810 3037 ὁμοίως
819 2995 894 3026 ἔκτι-

951 616 1024 649 206,
1043 614 1096 643 ult.

910 656 1078 697 λαμβάνειν]
1103 655 1258 694 colligere,
1277 655 1457 694 intelligere,
1472 665 1606 685 cernere.

951 697 1068 728 ἐντεῦθεν
1097 698 1130 727 τὸ
1158 697 1278 737 μέγεθος
1303 699 1357 727 τῶν
1388 698 1608 737 ἁμαρτημάτων

953 740 1122 781 ἐλάμβανον.
1146 743 1217 776 184,
1234 744 1263 770 2.
1286 740 1440 779 λαμβάνειν
1460 741 1507 769 καὶ
1527 739 1609 776 λόγου

953 783 1100 823 τιμωρίαν.
1121 784 1265 813 orationis
1283 784 1358 813 adeo
1381 793 1496 821 poenam
1520 792 1608 812 exse-

955 828 1015 866 qui.
1033 830 1105 862 186,
1122 830 1152 857 8.
1175 825 1330 865 λαμβάνειν
1348 828 1388 855 τὰ
1403 826 1468 864 ἱερά.
1491 830 1563 855 exta
1579 829 1610 854 et

955 870 1014 899 alia
1034 880 1119 899 sacra
1141 871 1170 898 iu
1193 879 1298 898 manus
1323 878 1451 904 sumere,
1475 867 1610 897 manibus

957 912 1195 951 apprehendere.
1218 913 1291 947 151,
1306 912 1362 940 uit.
1392 910 1550 950 λαμβάνειν
1564 910 1610 939 di-

956 961 1064 984 cuntur
1078 955 1199 994 judices
1215 965 1294 990 reos,
1309 964 1376 983 cum
1393 964 1446 984 eos
1461 963 1560 982 coram
1578 963 1611 982 se

958 1003 1071 1027 stantes
1091 999 1120 1027 in
1138 1001 1290 1036 potestate
1312 997 1434 1031 habent,
1456 995 1612 1025 severitati

953 1041 1063 1079 judicii
1075 1041 1120 1069 sui
1132 1040 1291 1069 obnoxios.
1305 1041 1377 1073 177,
1391 1042 1422 1069 7.
1445 1038 1613 1078 deprehen-

958 1084 1039 1112 dere.
1054 1086 1126 1119 178,
1140 1085 1170 1112 8.
1192 1082 1348 1121 λαμβάνειν
1359 1080 1392 1110 τὸ
1404 1084 1493 1120 σῶμα
1507 1080 1614 1119 δ’μηρων

959 1128 1009 1158 τῆς
1025 1125 1140 1160 ἀδικίας.
1157 1127 1230 1159 219,
1248 1126 1300 1154 uit.
1327 1126 1374 1155 τῆν
1389 1126 1466 1153 κατὰ
1481 1125 1535 1153 τῶν
1548 1134 1613 1162 προ,-

960 1168 1079 1198 διδόντων
1094 1167 1229 1208 τιμωρίαν
1249 1166 1382 1206 ἐξαίρετον
1398 1167 1479 1207 χάριν
1493 1165 1614 1205 λαμβά-

961 1222 1018 1241 νειν.
1039 1212 1201 1250 impetrare
1218 1221 1272 1250 pro
1289 1210 1402 1239 eximia
1421 1215 1449 1238 et
1471 1208 1615 1247 peculiari

960 1255 1065 1292 gratia,
1096 1259 1128 1283 ut
1155 1264 1244 1292 poeua
1267 1253 1477 1292 proditoribus
1504 1251 1616 1291 scripta

961 1297 1139 1326 remittatur.
1155 1298 1229 1332 233,
1248 1298 1299 1326 13.

917 1341 1058 1378 λαμπρῶς
1072 1339 1207 1379 χορηγεῖν.
1222 1340 1296 1371 233,
1311 1339 1341 1367 2.

919 1380 1071 1421 λανθάνειν]
1091 1381 1209 1411 λέληθεν
1224 1379 1321 1410 ἑαυτὸν
1333 1378 1377 1419 ἐφ’
1388 1380 1520 1410 ἁπάντων
1531 1380 1615 1409 τοῦτο

961 1425 1124 1458 πεποιηκώς.
1140 1424 1236 1453 nescit
1253 1423 1330 1462 ipse,
1347 1427 1442 1452 semet
1457 1423 1489 1452 id
1504 1422 1616 1452 fecisse

960 1484 1002 1489 -—
1014 1469 1085 1501 183,
1100 1471 1131 1497 4.

920 1507 1008 1547 λέγειν
1024 1509 1076 1547 ἐ’ξω
1092 1510 1140 1538 τοῦ
1158 1508 1340 1548 πράγματος,
1360 1509 1430 1542 143,
1447 1509 1498 1538 13.

921 1551 1099 1590 λειποταξίου
1113 1556 1144 1580 et
1154 1551 1328 1590 ἀστρατείας
1340 1551 1462 1580 crimina
1476 1551 1617 1590 copulan-

965 1599 1022 1623 tur.
1037 1596 1111 1628 239,
1128 1604 1195 1632 pen.

922 1635 1039 1675 λέμβος.
1057 1638 1131 1672 148,
1145 1639 1174 1664 1.

923 1678 1099 1720 ληξιαρχικὸν
1112 1678 1320 1718 γραμματεῖον.
1337 1680 1410 1713 189,
1425 1681 1455 1708 4.

923 1721 1024 1756 λίθινος
1039 1721 1191 1761 περίβολος.
1212 1721 1285 1755 174,
1304 1724 1354 1750 11.

925 1764 1024 1803 λιμῆν]
1049 1766 1111 1798 τοὺς
1126 1762 1243 1803 λιμένας
1258 1761 1348 1792 ἐλεῶν.
1372 1765 1445 1803 148,
1461 1765 1491 1792 6.

924 1807 1022 1847 λιμὸς]
1057 1806 1084 1836 οὗ
1113 1805 1236 1845 πρότερον
1258 1805 1397 1841 ἀπῆλθον,
1414 1806 1474 1846 πρὶν
1499 1804 1514 1836 ἢ
1537 1804 1617 1846 λιμᾷἱ

969 1849 1145 1879 ἀπέκτειναν.
1169 1851 1283 1883 227,3.

925 1890 1014 1929 λόγος.
1038 1903 1118 1921 mera
1149 1893 1251 1926 verba,
1281 1902 1313 1921 re
1342 1901 1438 1920 cassa.
1468 1891 1540 1926 153,
1565 1890 1619 1920 ult.

968 1935 1046 1973 λόγον
1068 1933 1129 1973 περί
1143 1944 1205 1963 τινα
1226 1933 1310 1974 ἔχειν.
1330 1937 1403 1970 212,
1418 1937 1448 1963 1.
1471 1933 1553 1970 λόγου
1575 1945 1620 1963 τι-

968 1975 1074 2016 μωρίαν
1097 1976 1265 2014 λαμβάνειν.
1290 1979 1362 2011 186,
1378 1980 1408 2006 7.
1438 1977 1519 2015 μετὰ
1540 1974 1621 2013 λόγου

968 2020 1015 2049 καὶ
1030 2018 1193 2057 ἀποδείξεως
1208 2018 1390 2057 συμπείθειν.
1412 2021 1485 2054 209,
1499 2023 1599 2057 antep.

929 2061 1072 2103 λόχευμα.
1096 2063 1199 2092 foetus.
1223 2064 1296 2096 208,
1312 2063 1342 2092 5.

1254 2169 1293 2192 Μ.

927 2228 1030 2269 μακρόν
1041 2231 1142 2260 πλοῖον.
1168 2233 1240 2266 187,
1256 2241 1324 2269 pen.

927 2272 1106 2312 μάρνασθαι.
1131 2275 1204 2309 212,
1220 2277 1270 2304 10.

927 2314 1087 2355 μαρτύριον.
1110 2317 1184 2351 215,
1203 2319 1234 2346 7.
1271 2314 1423 2356 μαρτυρίαν
1451 2316 1528 2356 παρὰ
1552 2314 1622 2345 θεῶν

970 2357 1051 2398 ἔχειν.
1074 2361 1146 2394 201,
1164 2362 1193 2390 8.

928 2399 1148 2442 μεγαλοψυχία.
1171 2403 1245 2436 203,
1260 2403 1292 2431 6.

928 2443 1024 2483 μετὰ]
1047 2447 1101 2473 τῶν
1121 2447 1202 2484 μετὰ.
1227 2443 1326 2474 τούτου
1339 2455 1394 2477 τις.
1417 2454 1490 2474 unus
1513 2443 1622 2482 aliquis

972 2487 1185 2516 advocatorum
1202 2486 1281 2527 ejuS.
1296 2489 1371 2521 185,
1388 2490 1418 2518 2.
1440 2485 1504 2525 μεθ’
1518 2487 1622 2516 ἑαυτῶν

971 2528 1055 2569 ἔσχον
1069 2531 1116 2560 τῆν
1130 2528 1194 2560 θεῶν
1207 2529 1316 2559 εὔνοιαν.
1339 2532 1412 2564 194,
1426 2533 1454 2559 1.

928 2571 1095 2608 μεταβολῆς
1109 2574 1208 2613 τυχεῖν
1222 2570 1269 2601 ἐπὶ
1290 2572 1322 2601 τὸ
1338 2572 1458 2605 βέλτιον.
1484 2574 1555 2606 180,
1575 2574 1623 2602 15.

929 2612 1191 2653 μετακομίζεσθαι,
1203 2615 1258 2653 ἱεροὶ
1273 2615 1391 2655 πάτρια.
1405 2625 1523 2654 operam
1541 2616 1624 2646 dare.

974 2662 1006 2686 ut
1022 2657 1076 2686 tibi
1097 2658 1187 2687 domo
1200 2657 1413 2688 submittantur
1426 2668 1462 2687 eo
1479 2658 1623 2690 locorum,

975 2699 1023 2728 nbi
1040 2701 1243 2734 commoreris,
1259 2711 1423 2730 arcessere.
1446 2701 1520 2733 178,
1537 2700 1588 2728 15.

931 2742 1149 2780 μεταλλάττειν
1163 2741 1208 2773 τὸν
1231 2742 1325 2773 τόπον.
1351 2745 1422 2777 185,
1436 2744 1488 2772 13.
1520 2742 1624 2781 χώραν.

976 2786 1048 2818 195,
1061 2787 1112 2814 16.

931 2826 1198 2866 μεταπέμπεσθαι
1220 2829 1289 2866 ἱερά.
1315 2828 1387 2866 155,
1415 2828 1444 2856 9.
1475 2823 1625 2864 ἐπικουρίαν

974 2869 1075 2909 ἑαυτῷ.
1099 2873 1173 2906 171,
1186 2873 1216 2900 6.

931 2911 1141 2954 μεταπίπτειν]
1165 2916 1205 2943 τὰ
1231 2914 1281 2946 τῆς
1295 2910 1427 2942 Ἑλλάδος
1451 2909 1487 2942 εἷς
1507 2906 1625 2937 &ultim

971 2955 1127 2993 μετέπεσε.
1153 2957 1224 2990 176,
1245 2959 1272 2984 1.
1305 2953 1336 2982 έκ
1357 2953 1405 2981 τοῦ
1419 2953 1518 2983 ,κακῶς
1531 2951 1624 2988 πξάτ-

973 3008 1038 3027 τειν.
1054 3010 1070 3027 e
1096 2998 1171 3028 mala
1193 2998 1313 3031 fortuna
1329 2995 1365 3024 ad
1389 2994 1540 3024 meliorem
1557 2993 1624 3022 red-
