1981 3255
323 130 759 172 ΔΙΟΝΥΣΙΟΥ
810 128 1426 170 ΑΛΙΚΑΡΝΑΣΕΩ.Σ.
1533 125 1597 178 27

152 242 206 284 τὸ
241 244 328 283 νῦν
369 242 486 295 ἡμῖν
522 243 762 283 τοιοῦτον
810 239 941 281 εἶναι
976 243 1255 295 μαρτύριον
1296 242 1319 281 ὅ
1360 258 1403 280 τι
1436 240 1602 290 ἀληθῆ

151 296 386 353 λέγομεν,
432 299 532 340 ἐπεὶ
578 295 752 344 ἔδοξαν
795 296 939 338 αὐτοὶ
988 294 1180 339 ἀδικεῖν
1222 300 1402 338 τοῦτον
1453 295 1599 346 Ἀθη-

153 359 291 396 ναῖον
326 355 448 396 ὅντα
481 358 562 396 καὶ
592 356 774 409 κυρίως
802 355 1006 408 πρῶτον
1035 355 1375 424 ἐγγραφέντα
1384 352 1599 407 ὕστερον

151 408 529 464 ἐξαλείψαντες.
585 412 659 452 ὅτι
711 414 798 464 μὲν
852 409 940 452 οὖν
987 408 1215 465 ἀδελφὸς
1277 410 1414 463 ἡμῶν
1461 411 1598 451 ἐστὶν

151 467 326 509 οὑτοσὶ
376 467 675 521 Εὐφίλητος
707 470 783 508 καὶ
829 465 1047 515 πολίτης
1092 467 1344 521 ὑμέτερος,
1383 469 1461 508 καὶ
1499 463 1598 508 ιἰὃί-

151 541 245 572 κως
277 522 502 579 ὑβρίσθη
541 524 636 566 ὑπὸ
675 527 775 566 τῶν
813 524 863 564 ἐν
894 525 956 578 τῷ
987 521 1121 577 δημῳ
1161 523 1469 572 συστάντων,
1502 524 1598 564 ἱκα-

150 582 249 628 νῶς
286 580 453 634 οἴομαι
493 582 632 634 ὑμᾶς,
666 581 697 622 ὦ
735 577 860 634 ἅνὸρ
871 598 919 627 ες
952 577 1194 628 δικασταὶ,
1227 579 1505 628 ἀκηκοέναι.

205 635 269 685 ιη’.
302 637 476 685 Οὗτος“
458 657 482 679 ο
475 639 707 709 χαρακτὴρ
733 640 817 678 τῶν
838 636 990 678 Ἰσαίου
1010 635 1170 687 λόγων,
1191 640 1253 678 καὶ
1274 640 1396 677 ταῦτα
1415 636 1464 677 τὰ
1487 634 1598 678 διαλ-

147 692 352 736 λάττοντα
381 695 492 749 παρὰ
522 696 597 743 τὴν
619 696 774 736 Λυσίου
808 693 996 748 ἀγωγήν.
1029 692 1150 735 οὐθὲν
1171 692 1211 735 δὲ
1233 692 1378 735 κωλυει
1398 696 1462 734 καὶ
1483 701 1601 747 κεφα-

146 747 335 799 λαιωδως
366 749 650 806 περιλαβόντα
681 749 729 792 δι’
763 749 985 823 ἐλαχίστης
1012 747 1231 799 δηλώσεως
1256 750 1305 791 τὰ
1341 750 1602 805 φανερώτατα

147 808 286 857 εἰπεῖν,
314 808 376 849 ὅτι
406 825 475 861 μοι
506 806 613 850 δοκεῖ
635 809 791 855 Λυσίας
817 809 890 860 μὲν
921 825 995 856 την
1017 806 1215 856 ἀλήθειαν
1244 804 1398 848 διώκειν
1419 804 1599 860 μᾶλλον,

147 861 305 912 Ἰσαῖος
325 862 366 906 δὲ
391 865 466 913 τὴν
491 867 658 920 τέχνην,
681 868 745 906 καὶ
767 867 790 905 6
810 867 883 917 μὲν
904 863 1183 919 στοχάζεσθαι
1209 866 1282 906 τοῦ
1305 865 1542 936 χαριέντως,
1577 865 1600 904 6

149 916 190 962 δὲ
209 924 281 962 τοῦ
301 919 456 969 δεινῶς.
479 924 510 963 εἰ
537 920 578 963 δέ
603 939 664 969 τις
684 922 969 992 παραθεωροίη
990 925 1113 962 ταῦτα
1133 922 1189 968 ὡς
1211 939 1331 975 μικρα
1358 924 1421 962 καὶ
1448 918 1599 975 φαῦλα,

149 992 224 1018 ουκ
249 977 301 1019 ἂν
335 977 389 1018 ἔτι
409 980 571 1031 γένοιτο
602 979 761 1047 ἱκανὸς..
764 977 898 1019 αυτ-ὦν
931 984 1140 1032 κρατῆσαι.
1163 977 1276 1019 ἀλλὰ
1296 977 1378 1032 γὰρ
1400 996 1438 1018 αι
1462 977 1600 1030 ὁμοιό-

94 1056 100 1062 -
146 1050 262 1081 τητες
292 1032 618 1088 συνταράξουσιν
639 1034 765 1075 αὐτοῦ
796 1035 871 1082 τὴν
891 1035 1061 1087 γνώμην
1092 1035 1190 1081 ὥςτε
1207 1036 1261 1087 μὴ
1284 1032 1506 1106 διαγνῶναι
1526 1034 1599 1075 τὸν

145 1086 252 1131 ἰ’ὃιον
282 1090 466 1145 ἑκατέρου
501 1097 749 1146 χαρακτῆρα.
779 1092 842 1131 καὶ
868 1093 960 1144 περὶ
991 1093 1064 1143 μὲν
1083 1108 1254 1137 τουτων,
1276 1091 1332 1138 ὡς
1354 1090 1436 1146 ἐ’χω
1458 1087 1598 1139 δόξης,

145 1142 370 1194 δεδήλωταί
387 1164 471 1198 μοι

204 1201 270 1245 ιθ’.
305 1202 514 1253 Βούλομαι
534 1202 574 1246 δὲ
595 1200 671 1252 ήδη
692 1206 755 1244 καὶ
774 1220 866 1257 περι
895 1205 978 1245 τῶν
995 1201 1188 1244 ἅλλων“
1164 1204 1353 1259 ρητόρων
1372 1199 1601 1243 α’ποὲοὗναι

145 1259 220 1301 τὸν
240 1258 430 1314 λόγον,”
418 1279 482 1302 ινα
511 1262 565 1314 μή
586 1278 648 1307 τις
668 1259 817 1314 ἄγνοία
837 1278 884 1314 με
905 1258 1006 1315 ὃόέη
1023 1258 1270 1314 παραλιπεῖν
1291 1260 1440 1306 αυτοὺς
1459 1261 1601 1312 ἐπιφα-

148 1322 232 1364 νεῖς
266 1317 391 1364 ὄντας
425 1320 488 1358 καὶ
523 1318 728 1370 ὀνόματος
761 1299 1010 1370 ἠξιωμένους
1044 1317 1094 1357 οὐ
1128 1319 1306 1372 μετρίου,
1334 1335 1359 1364 η
1389 1319 1500 1370 φυγῆ
1530 1319 1600 1356 τοῦ

147 1373 281 1415 πόνου
301 1375 347 1415 τὸ
365 1372 523 1428 ῥᾷστον
551 1375 809 1446 αἱρούμενον
825 1392 908 1415 των
931 1374 1064 1429 ἐ’ργων
1085 1392 1159 1422 την
1180 1377 1272 1428 περὶ
1294 1373 1429 1415 αὐτῶν
1450 1372 1601 1426 α’φεικέ-

148 1448 215 1475 ναι
253 1431 406 1484 σκέψιν.
439 1431 520 1485 ἐγὼ
554 1431 637 1486 γὰρ
668 1429 759 1471 οὔτε
791 1432 988 1484 ηγνόουν,
1023 1430 1098 1478 οὓς
1129 1430 1305 1478 ἅπαντες
1336 1430 1486 1475 ἰ’σασιν,
1509 1428 1599 1470 οὔτε

148 1486 308 1528 ὤκνουν
327 1488 427 1541 ὑπὲρ
459 1487 595 1529 αὐτῶν
623 1488 810 1542 γράφειν,
833 1487 865 1528 εἰ’
893 1505 929 1529 τι
956 1505 1160 1543 χρησιμον
1188 1486 1357 1540 ἔμελλεν
1383 1484 1595 1533 ἐξοίσειν“
1575 1505 1599 1534 η

148 1545 302 1598 γραφή.
336 1545 639 1597 ενθυμοῦμενος
668 1541 710 1585 δὲ
743 1545 803 1585 ὅτι
824 1562 898 1592 την
929 1563 1001 1597 μεν
1030 1545 1243 1593 ποιητικὴν
1271 1561 1515 1591 κατασκευην
1537 1546 1601 1584 καὶ
1620 1545 1696 1579 365

147 1600 195 1641 τό
216 1601 417 1655 ’μετέωρον
438 1599 486 1649 δὴ
506 1605 626 1642 τοῦτο
647 1605 709 1642 καὶ
730 1618 938 1654 πομπικον
957 1603 1164 1655 εἶρημενον
1183 1599 1347 1649 οὐδεις’
1353 1597 1602 1655 Ισοκράτους

149 1654 326 1710 ἀμείνων
356 1659 526 1711 ἐγένετο,
554 1657 826 1713 παρέλιπον’
811 1658 911 1699 εκών
939 1657 1014 1705 οὓς
1038 1657 1192 1713 ἥδειν
1170 1667 1291 1706 ἠττον
1307 1660 1350 1699 ἐν
1369 1662 1457 1704 ταῖς
1480 1654 1602 1704 ιὸέαις

147 1714 310 1761 ταύταις
344 1713 658 1769 κατορθοῦντας,
693 1716 875 1769 Γοργίαν
903 1718 976 1768 μὲν
1005 1715 1078 1756 τὸν
1099 1720 1322 1756 Λεοντῖνον
1356 1712 1600 1755 ἐκπίπτοντα

147 1773 220 1811 τοῦ
238 1772 400 1825 μετρίου
432 1774 496 1813 καὶ
526 1775 743 1827 πανταχοῦ
763 1770 1009 1826 παιδαριώδη
1039 1773 1291 1827 γιγνόμενον
1314 1773 1440 1825 ὁρῶν,
1461 1769 1601 1811 Ἀλκι-

1620 639 1695 673 364

145 1849 250 1885 solvit,
264 1850 454 1890 καταδιαιτᾲἶν
470 1855 582 1886 autem,
597 1861 665 1881 cum
682 1862 765 1881 reum
784 1863 854 1882 con-

143 1892 277 1929 demnat.
301 1892 420 1922 Rmsx.

889 1856 945 1883 rat.
994 1854 1059 1891 Ego
1087 1853 1226 1892 equidem
1253 1864 1270 1882 a
1298 1852 1421 1891 vulgata
1441 1851 1602 1881 disceden-

890 1895 961 1923 dum
978 1895 1006 1923 h.
1027 1896 1045 1923 Ι.
1062 1907 1129 1924 esse
1146 1905 1234 1933 nego.
1258 1896 1362 1924 lnmx.

186 1932 289 1974 Ἡμῖν]
313 1934 376 1963 Cur
391 1935 563 1971 damnetur,
579 1946 678 1965 causa:
694 1936 736 1965 nil
752 1938 853 1966 video.

144 1976 232 2011 nobis,
253 1977 284 2005 id
301 1983 358 2012 est,
385 1987 440 2015 pro
455 1977 557 2013 nobis,
582 1978 612 2006 in
638 1988 729 2007 causa
744 1983 856 2008 nostra.

145 2019 251 2048 lnam.

190 2059 331 2100 Τοιοῦτον]
371 2060 440 2095 tale,
473 2062 613 2099 ejusmodi
648 2063 855 2092 testimonium.

149 2103 211 2132 Sed
236 2102 418 2141 qualenam?
440 2114 500 2142 quo
521 2105 651 2133 refertur
672 2105 748 2133 iilud
767 2105 855 2133 ’τοιοῦ-

147 2155 204 2179 τον,
231 2145 256 2174 si
274 2144 348 2173 nihil
365 2146 534 2183 praecessit,
561 2146 610 2174 cui
627 2146 726 2175 simile
741 2146 856 2175 dicitur

147 2187 236 2216 esse?
257 2186 340 2224 μέγα
363 2197 482 2226 nempe,
512 2188 620 2227 (equale
647 2188 854 2226 magnitudine

145 2229 365 2263 testimonium,
384 2235 476 2268 atque
499 2230 631 2260 futurum
654 2231 764 2260 fuisset
779 2231 853 2260 iilud

145 2271 390 2302 adversariorum
415 2273 563 2302 adversus
590 2273 786 2311 Euphiletum
808 2284 854 2303 ar-

147 2319 336 2353 gumentum,
357 2314 383 2343 si
406 2324 461 2354 per
483 2315 654 2354 aequitatern
672 2316 852 2346 arbitrorum

146 2356 285 2386 licuisset
298 2356 377 2394 ipsis
394 2367 430 2386 eo
454 2358 509 2386 uti.
553 2359 642 2388 Unde
666 2363 786 2387 constat
802 2369 853 2387 ve-

146 2409 209 2428 ram
234 2409 302 2428 esse
323 2399 406 2428 iliam
430 2410 526 2429 meam
544 2402 636 2439 paulo
657 2406 724 2430 ante
746 2400 854 2439 prodi-

146 2445 206 2471 tam
223 2442 427 2478 conjecturam
442 2453 448 2471 :
472 2441 553 2480 μέγα
574 2445 656 2481 μετὰ
673 2444 771 2472 ταῦτα
787 2442 853 2482 ἔφη·

147 2494 201 2513 σαν
215 2483 248 2513 ἂν
261 2483 328 2513 εἶναι
343 2485 469 2522 σημεῖον.
516 2486 594 2514 Nam
620 2486 646 2515 si
670 2484 752 2524 μέγα
770 2486 854 2515 illinc

932 1937 1056 1976 Πρῶτον]
1082 1937 1118 1966 Id
1136 1943 1194 1971 est,
1217 1937 1250 1965 τὸ
1265 1938 1383 1974 πξῶτον,
1397 1937 1548 1972 primitus,
1570 1936 1599 1965 h.

890 1988 918 2006 e.
935 1984 996 2006 tum
1013 1988 1104 2016 quum
1123 1979 1341 2007 inscriberetur
1355 1976 1520 2018 ἀπ’ἁξχῆς,
1539 1982 1600 2006 sta-

890 2019 943 2047 tim
969 2029 986 2047 a
1011 2020 1175 2058 principio,
1206 2020 1324 2049 tametsi
1356 2024 1465 2058 postea
1494 2030 1599 2049 rursus

889 2062 990 2090 denuo
1020 2061 1189 2101 inscriptus
1216 2072 1275 2091 non
1302 2062 1370 2091 fuit.
1413 2061 1600 2099 Suspicabar

889 2104 1051 2142 aliquando
1066 2105 1104 2133 de
1120 2104 1255 2144 πρότερον,
1272 2105 1310 2133 ob
1332 2104 1497 2142 insequens
1513 2103 1598 2133 ἴστε-

888 2157 937 2184 ρον.
983 2146 1042 2175 Sed
1066 2147 1271 2184 proculdubio
1304 2148 1379 2175 bene
1412 2147 1503 2175 habet
1533 2147 1598 2176 vui-

888 2193 968 2227 gata.
992 2189 1097 2218 IDEM.

930 2229 1101 2270 Χαςιέντως]
1127 2233 1190 2261 Aut
1205 2235 1276 2270 post
1290 2229 1445 2272 χαςιέντως
1459 2235 1511 2260 aut
1527 2236 1599 2270 post

888 2273 979 2306 δεινῶς
994 2274 1084 2303 deest
1099 2273 1197 2310 εἰπεῖν,
1212 2279 1264 2304 aut
1280 2275 1340 2303 tale
1356 2274 1441 2312 quid.
1465 2274 1569 2304 IDEM.

931 2315 1058 2356 Τούτων]
1097 2317 1174 2346 Post
1203 2316 1309 2347 τούτων
1337 2317 1446 2345 deesse
1479 2316 1598 2346 videtur

887 2359 995 2391 ἱκανῶς.
1023 2360 1127 2389 IDEM.

930 2400 1106 2442 Αῖςούμενον]
1129 2401 1266 2431 Subaudi
1292 2401 1354 2431 ἀντὶ
1380 2400 1429 2430 τοῦ
1457 2407 1598 2443 χαλεπω-

886 2442 975 2482 τὲρου.
999 2444 1104 2474 IDEM·

926 2485 1057 2525 ’Ὠκνουν]
1082 2486 1197 2516 Adde‘
1185 2485 1228 2516 αίν.
1243 2496 1334 2526 neque
1346 2485 1529 2526 defngissem,
1553 2495 1598 2514 re-

147 2526 340 2562 excludatur,
362 2527 480 2556 carebit
499 2527 549 2556 hic
566 2538 635 2557 voc.
651 2529 771 2558 τοιοῦτον
788 2539 855 2558 sen·
878 2527 1095 2568 jbrmidassem.
1119 2530 1227 2559 lumi.

147 2569 251 2598 tentia.
275 2569 382 2598 IDEM.

191 2610 291 2651 Αὐτοὶ]
320 2611 387 2640 Non
403 2610 560 2650 accepisse
576 2613 613 2641 ab
630 2611 820 2650 Euphileto
811 2622 855 2641 ln-

144 2653 266 2690 jnriam,
279 2653 334 2682 sed
348 2653 376 2682 ei
393 2653 486 2688 ultro,
499 2653 559 2692 ipsi
576 2665 631 2684 sua
643 2659 764 2693 sponte,
774 2655 857 2684 nulia

148 2694 256 2724 idonea
270 2705 362 2725 causa
379 2697 550 2734 provocati,
572 2697 698 2726 inferre.
720 2697 801 2727 redit
817 2698 854 2726 ad

149 2737 346 2776 municipales
367 2737 530 2776 Euphileto
552 2739 759 2768 adversantes.
803 2740 855 2769 Sin

149 2783 250 2808 autem
269 2779 366 2814 αὐτοῖς
388 2781 520 2819 tegatur,
537 2781 576 2810 de
602 2791 661 2820 quo
688 2792 744 2820 pro
765 2791 856 2811 sensu

149 2821 279 2860 quisque
299 2833 354 2852 suo
370 2827 494 2857 statuet,
520 2823 632 2853 redibit
648 2824 683 2853 ad
710 2834 764 2862 par
779 2824 856 2853 iliud

150 2862 339 2900 arbitrorum,
359 2866 396 2895 ad
413 2875 539 2903 quorum
562 2866 766 2905 coguitionem
790 2867 855 2896 baec

151 2905 188 2934 do
203 2908 284 2935 statu
299 2906 386 2938 civili
401 2907 554 2947 Euphileti
572 2918 664 2940 causa
679 2909 778 2940 delata
791 2909 855 2939 fue-

930 2571 1101 2611 Πανταχοῧ]
1135 2570 1384 2610 Superscriptum
1407 2576 1454 2601 est
1481 2572 1510 2601 in
1538 2572 1597 2600 Bo-

889 2613 1010 2642 dleiano
1023 2615 1188 2654 πολλαχοῦ,
1198 2624 1264 2652 quae
1275 2614 1436 2652 castigatio
1453 2618 1482 2644 et
1495 2623 1597 2650 reprc-

889 2655 1006 2690 hensio,
1019 2666 1036 2685 a
1051 2657 1159 2685 sedulo
1175 2656 1304 2694 quodam
1318 2656 1434 2685 lectore
1451 2656 1598 2694 prosecta,

891 2708 947 2727 non
972 2698 1070 2737 ipsius
1096 2698 1238 2737 Dionysii
1253 2698 1360 2732 dictio,
1380 2698 1452 2727 mihi
1477 2698 1597 2727 videtur

891 2751 970 2769 esse.
1016 2741 1138 2779 Gorgiae
1159 2751 1227 2770 cum
1243 2747 1294 2770 ant
1315 2740 1400 2774 nihil,
1427 2745 1475 2769 aut
1492 2749 1596 2778 parum

890 2782 982 2812 hodie
997 2784 1143 2821 supersit,
1163 2793 1229 2812 nam
1247 2783 1285 2812 de
1308 2783 1445 2821 reliqniis
1465 2782 1493 2811 ei
1514 2781 1598 2810 attri-

891 2825 943 2854 bui
965 2826 1067 2855 soiitis
1093 2826 1270 2859 decernere,
1294 2826 1364 2854 mihi
1393 2835 1450 2853 non
1479 2834 1600 2861 εει-τηεν,

891 2867 968 2896 haud
982 2869 1070 2905 juvat
1092 2869 1147 2897 hac
1164 2869 1193 2897 in
1211 2878 1302 2897 causa
1329 2867 1470 2896 arbitrum
1497 2876 1599 2904 agere.

894 2910 1000 2940 Imm.
