1981 3255
796 611 1259 666 LUZACII

522 732 633 799 AD
691 731 1259 783 ORATIONEM
1321 734 1525 782 ISAEI

425 853 506 890 DE
554 853 1004 895 HEREDITATE
1053 857 1634 909 PHILOCTEMQNIS

834 964 1214 1007 PRAEFATIO.

628 1140 676 1170 Ex
693 1141 887 1173 Lectionibus
900 1142 1021 1172 Atticis.
1066 1145 1114 1173 De
1129 1142 1271 1183 Digamia
1283 1144 1428 1174 Socratis.

361 1304 642 1352 EUCTEMON,
661 1305 763 1344 idem
785 1306 862 1354 ille,
883 1308 939 1346 uti
966 1308 1167 1358 probabile
1188 1313 1259 1355 est,
1279 1308 1345 1360 qui
1379 1308 1625 1360 Olympiadis
1644 1308 1746 1348 xciii.

307 1378 369 1403 aii.
390 1366 450 1403 L*
472 1366 626 1403 Archon
648 1367 813 1405 Athenis
842 1367 915 1406 fuit
937 1369 1174 1420 Eponymus,
1202 1383 1247 1407 ex
1268 1368 1447 1419 conjuge,
1467 1368 1545 1407 filia
1564 1369 1749 1408 Mixiadis

308 1426 504 1476 Cephisei,
525 1427 745 1476 superstites
766 1441 883 1466 unum
900 1429 1031 1467 habuit
1046 1429 1166 1467 filium
1187 1429 1491 1475 Philoctemona,
1514 1430 1611 1468 duas
1631 1429 1745 1475 filias,

308 1499 469 1536 quarum
504 1488 622 1525 altera
655 1488 912 1528 Phanostrato
944 1490 1088 1540 nupsit,
1126 1491 1244 1529 altera
1273 1491 1459 1528 Cliaereoe.
1516 1490 1590 1529 Sed
1630 1491 1746 1528 horno

306 1554 389 1584 erat
413 1548 451 1584 in
473 1549 616 1598 magnis
635 1548 776 1590 diuitiis
798 1550 1026 1587 libidinosus
1046 1556 1084 1587 et
1105 1550 1378 1600 intemperans,
1399 1551 1498 1588 adeo
1528 1557 1569 1588 ut
1597 1550 1633 1588 in
1663 1551 1746 1600 ipsa

305 1619 461 1657 quoque
494 1615 689 1648 senectute
719 1611 822 1660 turpi
844 1611 1034 1660 voluptati
1066 1610 1305 1660 indulgeret3
1336 1623 1502 1661 namque
1533 1611 1744 1660 aetatejam

302 1670 524 1719 provectior
552 1670 635 1720 (qui
655 1677 803 1709 sextum
837 1670 985 1708 scilicet
1014 1671 1226 1720 impleverit
1247 1683 1385 1708 annum
1420 1672 1517 1709 ultra
1547 1671 1745 1720 nonagesi-

300 1731 420 1776 mum)
436 1736 565 1780 spreta
585 1744 702 1769 uxore
722 1738 760 1769 et
781 1731 929 1776 liberiS,
953 1731 1225 1780 frequentabat
1239 1731 1498 1777 tabernam,iu
1520 1744 1595 1781 qua
1615 1731 1743 1769 vinum

302 1790 433 1828 venale
448 1796 543 1836 erat,
565 1804 759 1841 quamque
786 1805 872 1829 cum
900 1797 981 1829 tota
1002 1792 1124 1829 insula
1144 1792 1194 1829 ab
1214 1805 1260 1828 eo
1279 1792 1552 1829 conductitiam
1576 1792 1746 1830 habebat

301 1850 411 1896 Alce,
431 1850 534 1899 apud
561 1851 661 1888 illius
692 1852 868 1889 libertam
889 1851 1147 1901 prostibulum
1169 1851 1367 1901 quondam
1389 1852 1426 1889 iu
1447 1852 1618 1902 lupanari
1638 1865 1743 1903 quae-

302 1916 402 1948 stum
431 1910 589 1956 faciens,
610 1911 697 1949 dein
726 1912 856 1950 effoeto
889 1925 1054 1962 corpore
1081 1912 1354 1959 deflorescens,
1387 1925 1503 1962 quum
1532 1913 1634 1951 illam
1664 1914 1745 1964 ipse

301 1972 456 2009 emisset
485 1972 712 2018 Euctemon,
735 1972 873 2010 Dionis
905 1972 1107 2022 cujusdam
1129 1976 1187 2021 (ut
1207 1986 1286 2023 prae
1312 1987 1352 2010 se
1378 1973 1545 2022 ferebat)
1566 1987 1682 2012 uxor:
1712 1974 1743 2011 is

303 2044 392 2070 vero
412 2033 528 2078 Dion,
560 2039 766 2083 postquam
797 2034 1002 2071 nonnullos
1021 2041 1130 2077 ewa
1150 2034 1291 2072 liberos
1320 2047 1392 2084 pro
1412 2034 1489 2072 suis
1509 2035 1741 2085 agnovisset,

301 2093 470 2130 criminis
502 2106 588 2130 reus
616 2100 655 2131 ct
679 2106 831 2143 poenam
854 2100 1027 2132 metuens
1049 2095 1216 2145 Sicyoua
1236 2095 1433 2144 profugit;
1465 2108 1544 2144 quo
1563 2095 1742 2146 profugo,

302 2154 339 2190 in
359 2154 458 2191 illius
478 2155 594 2192 Alces
616 2155 770 2192 tandem
792 2155 908 2192 domo
928 2161 966 2192 et
986 2155 1127 2193 familia
1142 2156 1358 2193 Euctemon
1378 2156 1579 2203 habitavit,
1599 2156 1742 2207 longa:-

303 2227 377 2263 que
412 2215 478 2251 sed
514 2216 673 2264 impurae
702 2215 789 2252 vitae
820 2216 1043 2254 cuniculum
1079 2216 1229 2254 clausit.
1288 2216 1498 2254 Divendita
1522 2215 1619 2265 jam,
1651 2216 1742 2254 dum

303 2274 445 2312 viveret
475 2275 696 2324 decrepitus
728 2282 767 2313 et
802 2276 1017 2313 luxuriosus
1048 2289 1177 2322 senex,
1204 2289 1341 2326 magna
1371 2276 1611 2314 fortunarum
1643 2277 1743 2315 illius

302 2341 424 2384 parte,
445 2347 518 2385 ope
539 2341 655 2385 atque
675 2336 840 2373 consilio
862 2336 976 2374 Alces
1009 2350 1054 2374 ac
1087 2336 1321 2386 reliquorum
1343 2351 1389 2375 ex
1409 2337 1480 2375 ista
1499 2339 1745 2377 consortione

303 2403 540 2439 scortorum;
581 2397 774 2447 expilatis,
809 2410 898 2448 quae
942 2398 980 2435 in
1022 2397 1104 2447 ejus
1151 2398 1301 2436 aedibus
1334 2398 1573 2448 tabernaque
1620 2405 1742 2445 erant,

346 2490 355 2508 ¹
380 2492 427 2521 Ex
446 2492 596 2521 Marmore
612 2491 791 2528 Oxouiensi,
809 2492 946 2522 Diodoro
963 2492 1079 2527 Siculo,
1095 2491 1154 2522 &m
1168 2493 1258 2531 hujus
1281 2492 1348 2521 nuni
1366 2493 1551 2522 Archontem
1564 2504 1745 2534 eponymum

303 2542 489 2571 Euctemona
504 2541 725 2572 demonstravit
742 2543 800 2572 Ed.
818 2542 963 2572 Corsinns
977 2544 1059 2572 Fast.
1072 2544 1136 2573 Λα.
1149 2547 1170 2572 t.
1181 2542 1225 2572 iii.
1239 2553 1269 2581 p.
1286 2543 1359 2573 256.
1389 2542 1490 2579 Quum
1501 2548 1600 2573 autem
1617 2553 1656 2573 ex
1672 2544 1745 2574 Isaei

303 2591 448 2622 Oratione
465 2597 619 2632 apparent,
637 2594 824 2623 Euctemona
839 2593 938 2628 illum,
951 2594 990 2623 de
1000 2603 1060 2632 quo
1075 2593 1149 2633 agit,
1159 2593 1237 2623 iuter
1247 2592 1507 2632 locupletissimos
1521 2598 1549 2622 et
1564 2592 1745 2632 insigniores

302 2642 388 2672 cives
409 2642 502 2671 fuisse
522 2642 654 2678 Atticos,
679 2648 753 2672 aeias
774 2648 873 2672 antem
891 2642 949 2673 viri
977 2643 1006 2672 in
1032 2643 1096 2672 haeo
1124 2647 1261 2682 tempora
1280 2643 1379 2678 cudat,
1403 2641 1552 2680 probabili
1573 2644 1747 2681 conjectura

303 2694 433 2724 eundern
448 2694 542 2724 fuisso
560 2695 711 2724 Archonta
726 2695 879 2724 existimo.
925 2695 1051 2733 Quippe
1071 2696 1236 2724 Euctemon
1251 2704 1358 2723 annum
1384 2693 1483 2722 oetatis
1501 2693 1640 2732 implevit
1656 2704 1745 2724 nona-

304 2744 453 2784 gesimum
470 2748 609 2781 sextu1u;
633 2754 723 2774 ceusu
738 2745 776 2774 de
795 2744 964 2774 hereditate
981 2744 1063 2774 illius
1077 2754 1112 2774 no
1129 2743 1368 2774 Pliiloctemonis
1388 2746 1455 2772 acta
1479 2746 1537 2777 est,
1561 2743 1651 2781 paulo
1676 2750 1747 2783 post

305 2795 415 2835 prioris
434 2799 575 2831 mortem,
599 2795 722 2834 Olymp.
740 2794 803 2825 ciii.
820 2795 886 2824 sive
914 2800 981 2824 unte
1007 2794 1132 2833 Olymp.
1149 2793 1210 2825 civ.
1228 2792 1309 2834 (vid.
1327 2791 1509 2822 Pal-nerium
1534 2796 1563 2821 ct
1586 2792 1747 2823 Reiskium

306 2845 343 2874 ad
366 2845 477 2874 Isaeum
495 2855 525 2883 p.
546 2847 615 2875 129.
637 2846 685 2875 ed.
703 2844 826 2884 Reisk.)
842 2846 924 2884 Ergo
943 2844 972 2874 in
990 2844 1091 2874 medio
1106 2844 1176 2873 vitm
1195 2853 1299 2878 cursu,
1317 2844 1369 2872 48.
1392 2842 1440 2871 vel
1459 2843 1513 2872 50.
1537 2851 1631 2873 annos
1647 2848 1748 2879 uatus,

307 2897 487 2933 Euctemon,
502 2895 542 2925 do
557 2906 616 2935 quo
632 2895 742 2936 agitur,
758 2895 916 2934 aetatisque
932 2896 1008 2925 udeo
1024 2895 1055 2924 in
1078 2895 1150 2924 {lore
1172 2899 1237 2923 erat
1252 2893 1358 2923 eodem
1381 2892 1433 2922 illo
1449 2902 1538 2928 nuno,
1553 2903 1613 2931 quo
1635 2895 1747 2924 Eucte-

307 2957 375 2976 mon
391 2946 513 2976 Archon
527 2945 557 2977 in
573 2946 728 2977 Marmore
746 2945 960 2981 Arundelinno,
974 2955 991 2975 u
1002 2944 1139 2975 Diodoro
1165 2944 1281 2981 Siculo,
1298 2943 1375 2973 forto
1391 2942 1480 2973 etium
1497 2952 1513 2972 a
1529 2942 1746 2982 Xenophonte,

307 3000 496 3029 memor-tur.
