1981 3255
649 186 730 228 AD
763 184 1106 226 LYCURGUM.

215 291 417 345 Λυκόφρων
434 290 653 340 Λυκούργου
673 289 858 336 Βουτάδης

1498 185 1582 227 365

866 289 879 308 ⁶
893 288 1137 340 ἀπεγράψατο
1156 290 1251 339 αὐτῷ
1268 286 1362 326 εἶναι
1384 290 1526 336 σίτησιν
1540 290 1581 327 ἐν

164 353 375 405 Πρυτανείῳ
402 356 492 390 και-οὶ
511 355 577 397 τὴν
596 350 770 389 δοθεῖσαν
789 351 932 401 δωρεάν
950 350 1018 388 ὑπὸ
1040 355 1102 387 τοῦ
1131 350 1256 395 Δήμου
1274 350 1474 402 Λυκοῦργῳ
1493 350 1585 388 Βου-

164 416 253 471 τάδῃ
265 417 323 453 ἐπὶ
337 414 629 464 ἈναξικράτουςΊ
641 414 850 463 ’Άρχοντος
863 414 921 450 ἐπὶ
933 418 997 456 τῆς
1010 409 1236 461 Ἀντιοχίδος
1247 410 1287 446 ἐν
1302 413 1345 463 τῇ
1361 410 1586 460 Πρυτανείᾳ.

207 500 221 520 ⁶
235 500 394 540 Lycophro
418 498 547 538 Lycurgi
569 498 646 528 filius
667 502 734 527 natu
760 497 854 526 maxi-

166 553 231 574 mus
246 543 347 583 (erant
367 546 465 571 autem
486 546 632 580 praeterea
650 541 732 570 Abro
749 544 780 569 et
794 541 854 579 Ly-

167 586 293 624 curgus)
321 585 447 615 honores
475 584 606 623 postulat
634 583 692 613 sibi
718 583 854 617 concedi,

166 637 241 667 quos
257 628 296 657 P.
313 630 347 657 A.
364 632 434 656 natu
453 627 580 656 maximo
601 636 639 655 ex
653 625 783 665 posteris
797 625 855 663 Ly-

167 670 252 709 curgi
267 675 413 709 perpetuo
433 669 533 698 haberi
551 669 698 703 decrevit,
713 673 743 697 et
758 669 793 696 ad
806 669 856 706 jus

167 723 254 742 suum
280 713 519 750 consequendum
544 712 726 750 rogationem
749 711 856 750 ipsam,

166 765 233 794 quae
259 755 309 785 hio
331 755 500 789 adducitur,
526 753 732 784 disertissimis
758 752 858 782 verbis

167 797 289 836 allegat.
331 798 453 827 Interea
475 803 583 832 tamen,
605 797 678 836 quid
702 795 857 828 Βουτάδης-,Ρ

169 841 324 870 Demusne
336 840 388 869 ille
403 845 434 870 et
447 850 484 869 ex
498 839 624 878 Populis
637 838 748 869 Atticis
762 839 858 868 unus?

168 883 228 919 An,
248 894 314 913 cum
342 883 417 912 dicit
444 882 621 912 Plutarchus
642 881 672 911 in
703 881 770 910 Vita
798 881 859 910 Au-

169 925 275 960 ctoris,
292 926 346 954 τῶν
365 924 458 965 δῆμων
479 924 627 960 Βουτάδης,
648 923 737 962 γένους
759 922 785 953 δὲ
807 925 861 953 τῶν

169 967 394 1002 Ἐτεοβουταδῶν.
409 967 521 997 idcirco
544 967 716 997 existimare
741 967 785 996 fas
810 967 861 1001 sit,

169 1020 237 1040 eum
258 1010 351 1040 fuisse
368 1020 444 1050 pago
462 1011 621 1045 Butadem,
638 1019 741 1050 genere
762 1014 861 1038 autem

170 1053 414 1082 Eteobutadem‘!
446 1054 479 1082 ld
504 1053 639 1091 profecto
661 1052 791 1090 ambige,
814 1052 862 1081 vel

169 1095 271 1134 potius
294 1100 463 1125 constanter
483 1105 627 1133 pernego,
651 1094 742 1124 fuisse
768 1094 862 1134 δῆμον,

169 1137 248 1167 unde
263 1139 424 1177 populares
440 1137 575 1167 Βουτάδαι
591 1137 771 1166 dicerentur.
813 1137 861 1166 Si-

169 1179 231 1209 lent
246 1181 382 1219 profecto
398 1179 429 1209 in
453 1189 487 1208 ea
509 1189 542 1209 re
562 1179 780 1218 Inscriptiones
801 1180 861 1208 Ve-

168 1227 278 1258 terum,
292 1233 357 1261 quae
375 1222 400 1251 si
417 1232 474 1251 non
491 1221 573 1257 solae,
592 1226 719 1251 attamen
739 1221 861 1261 optimae

169 1265 235 1302 ejus
255 1275 352 1295 causae
375 1269 470 1294 testes
492 1274 558 1294 esse
581 1268 716 1303 possunt.
758 1264 861 1293 Conti-

169 1307 252 1345 gisse
271 1307 430 1346 aliquoties
451 1307 590 1341 arbitror,
606 1311 637 1337 et
657 1307 693 1336 ab
714 1306 861 1345 Antiquo-

169 1360 234 1381 rum
257 1350 346 1379 etiam
367 1349 515 1379 nonnullis
532 1349 694 1379 admissum
712 1349 813 1384 video,
830 1354 861 1378 ut

169 1392 300 1422 Familias
335 1392 399 1421 sive
431 1391 538 1429 Stirpes
573 1402 677 1425 sacrae,
708 1390 769 1427 γένη
803 1392 861 1420 ista

168 1435 304 1475 ἶερατικιὶ,
320 1435 428 1474 quibus
444 1434 519 1464 adeo
543 1440 605 1462 erat
623 1435 732 1463 referta
746 1433 859 1469 Attica,

168 1487 224 1517 pro
233 1476 392 1512 Dem0,i.e.
401 1476 638 1515 Pago‚Populo‚
650 1476 697 1505 vel
706 1476 796 1505 Curia
806 1475 861 1504 im-

168 1520 265 1559 perite
274 1524 509 1550 recenserentur.
527 1520 567 1548 Et
579 1518 608 1547 in
619 1528 653 1547 ea
660 1527 748 1547 causa
757 1518 862 1547 Βουτά-

169 1563 228 1598 δας,
241 1563 318 1598 sive,
337 1562 416 1601 quod
429 1561 551 1601 perinde
574 1566 630 1595 est,
645 1559 862 1593 Ἐτεοβουτάδας

167 1605 274 1635 habeo.

166 1658 288 1683 censeo,
304 1652 334 1677 et
347 1648 385 1676 de
400 1648 465 1685 ejus
482 1646 625 1685 moribus,
638 1646 755 1684 legibus
772 1651 802 1674 et
818 1646 861 1674 in-

165 1689 542 1720 stitutis-Commentarium
555 1699 668 1718 mecum
679 1698 760 1728 paro,
774 1687 862 1717 video

164 1734 275 1763 multas
311 1737 427 1771 genteS,
464 1742 616 1761 sacrorum
663 1730 859 1770 peculiarium

163 1774 350 1811 autistitites,
373 1784 495 1814 quarum
519 1773 669 1803 nonnullae
688 1773 861 1811 ignorantur

163 1818 297 1857 penitus,
322 1817 469 1847 nonnullae
499 1816 679 1846 incuriosius
705 1816 734 1844 iu
761 1817 861 1854 Pagos

163 1861 374 1890 detruduntur.
409 1861 562 1898 Leguntur
574 1864 671 1888 autem
687 1858 764 1888 inter
776 1858 860 1893 alias,

164 1903 282 1939 Κυνίδαι,
301 1902 430 1937 Εὑνεῖδαι,
448 1900 636 1942 Εὐμολπίδαι,
651 1901 776 1940 Κήρυκες,
794 1908 860 1941 Bev-

163 1945 274 1981 τιάδαι,
314 1945 447 1984 Γὲξαιραι,
488 1944 656 1983 Κροκωνίδαι,
693 1942 857 1983 Χιμαςίδαι,

164 1989 324 2027 Κοιξωνίδαι,
347 1988 458 2021 Φιλιεῖς,
478 1987 572 2020 Σαβοὶ,
590 1985 773 2020 ’Ύακινθίδεςη
789 1993 857 2015 Δαι-

165 2029 287 2066 δαλίδαι,
316 2028 489 2069 Σημαχίδαι,
520 2029 678 2064 Εὐδάνεμοι,
712 2030 858 2066 Φαλαςεις,

166 2072 288 2106 Φοίνικες,
312 2070 472 2111 Ὁμηρίδαι,
501 2071 671 2108 Λυκομῆδαι,
698 2069 858 2111 ιΗσ-υχίδαι,

164 2114 370 2148 Παλλαντίδαι,
383 2112 609 2152 Ἀλιιμαιωνίδαι,
623 2111 753 2146 Χοννίδαι,
765 2119 857 2142 Φυτα-

165 2157 251 2192 λίδαι,
265 2155 464 2197 Πραξιεργίδαι,
485 2156 610 2195 Χαρίδαι,
629 2155 858 2187 Ἐτεοβουτά-

165 2200 230 2230 δαι.
254 2200 302 2229 De
317 2199 425 2238 quibus
440 2199 576 2228 omnibus
589 2198 724 2238 loquitur
737 2199 858 2228 AEschi-

165 2253 219 2272 nes
242 2253 270 2272 c.
295 2242 432 2280 Ctesiph.
455 2241 480 2280 ς.
504 2239 538 2271 6'.
557 2243 621 2275 τοὺς
645 2242 721 2281 ἱερεῖς
738 2241 786 2270 καῖ
804 2243 859 2275 τὰς

163 2284 254 2325 ἱερείας
277 2284 449 2316 ὑπευθύνους
466 2282 547 2319 εῖναι,
566 2284 666 2313 κελεύει
686 2284 697 2312 6
719 2283 801 2322 νόμος
816 2302 858 2306 -

163 2328 193 2357 οὗ
217 2327 295 2367 μόνον
321 2326 385 2367 ἰδία,
410 2326 487 2355 ἀλλὰ
512 2325 559 2356 καὶ
581 2327 675 2368 κοινῇ
697 2327 741 2355 τὰ
770 2326 856 2364 γένη,

163 2369 346 2409 Εὐμολπίδας
372 2369 418 2399 καὶ
441 2369 572 2408 Κήρυκας,
595 2370 642 2399 καὶ
668 2370 732 2402 τοὺς
756 2369 859 2404 ἄλλους

163 2412 314 2447 ἅπαντας.
369 2414 446 2442 Item
473 2411 585 2442 AEliau.
610 2411 688 2451 apud
714 2412 799 2442 Suid.
827 2423 856 2443 v.

164 2455 352 2494 Εὐμολπίδαι.
393 2452 463 2494 Πας’
479 2453 550 2484 οὐδὲν
568 2453 678 2494 Θέμενος
701 2456 742 2484 τὰ,
765 2457 858 2493 σεμνὰ

164 2498 355 2537 Εὐμολπιδῶν,
377 2498 422 2526 καὶ
456 2496 590 2536 Κηρύκων,
615 2496 661 2526 καὶ
688 2500 743 2527 τῶν
764 2498 897 2527 snm*

164 2539 266 2578 γένυν
290 2542 381 2581 ἱερῶν
407 2552 440 2570 τε
458 2538 538 2569 ὄντων
557 2539 604 2568 καὶ
620 2539 757 2579 θεοφιλῶν.
781 2541 858 2570 Ροι-

164 2582 251 2623 phyr.
267 2584 306 2613 de
323 2582 441 2613 Abstin.
454 2583 498 2612 ΙΙ.
512 2585 563 2612 ΞΟ.
590 2582 647 2613 ’Aet
662 2584 722 2616 τοῖς
736 2590 858 2614 Διοσπο

165 2624 231 2660 λίοις
243 2623 412 2666 ἈΘήνῃο-ιν’
402 2636 428 2654 εν
447 2625 599 2664 ἄκξοωόλει
619 2625 640 2654 οἱ
664 2625 794 2664 εἰρημένα.
813 2625 859 2656 τᾶν

165 2667 247 2697 αὐτὸν
266 2669 363 2709 τρόπον
382 2669 520 2698 ποιοῦνται
542 2669 589 2698 τὴν
606 2668 654 2697 τοῦ
673 2667 734 2702 Βοός
748 2667 857 2698 θυσίαν.

167 2707 255 2745 Θέντες
273 2713 327 2751 γὰρ
345 2715 375 2740 et
395 2721 461 2749 quae
477 2715 641 2748 sequuntur
656 2727 698 2733 --
712 2711 759 2740 καὶ
779 2709 856 2748 γένη

167 2753 221 2780 τῶν
245 2754 340 2783 ταῦτα
365 2752 483 2791 δρώντων
507 2752 571 2782 ἐστι
595 2754 646 2783 νῦν.

167 2799 273 2824 vetus·
265 2816 273 2823 .

312 2858 484 2884 ΔΗΜΗΤΡῙ.
505 2860 578 2884 ΚΑΙ.
599 2859 715 2884 ΚΟΡΗῘ.

271 2901 305 2924 Η.
327 2900 418 2925 ΙΕΡΑ.
442 2902 625 2928 ΓΕΡΟΎΣῘΑ.
647 2903 684 2926 Μ.
708 2903 758 2926 AT

279 2942 416 2966 PHAION.
438 2944 652 2969 ΔῘΘΟΦΟΡΟΝ.
674 2945 746 2970 ΠΡΟ

319 2984 492 3011 ΣΔΕΚΤΟΝ.
514 2987 694 3011 ΠΙΣΤΟΚΡΑ

318 1606 397 1634 Dum
423 1606 528 1642 Remp.
545 1603 770 1632 Atheniensium
793 1613 861 1641 per·
892 1613 901 1624 ²

692 2753 857 2792 Inscriptio
886 2767 896 2777 ν

1001 499 1110 524 ΤΟΥΣ.
1133 498 1358 523 ΚΕΦΑΛΗΘΕΝ.
1381 497 1470 522 ΠΡΕΣ

994 542 1197 567 ΒΕΤΣΑΝΤΑ.
1220 541 1365 565 ΠΡΟΙΚΑ.
1387 540 1477 564 TIMH

1012 585 1143 609 ΘΕΝΤΑ.
1165 584 1222 609 ΔΕ.
1244 583 1332 608 Trio.
1354 582 1459 607 ΘΕΟΎ.

1019 626 1239 652 ΚΟΜΜΟΔΟΥ.
1262 627 1333 651 ΤΗΙ.
1355 625 1460 649 ΡΩΜΑ

1018 670 1094 694 ῙΩΝ.
1116 669 1311 693 ΠΟΛῙΤΕῙΑῙ.
1335 667 1454 692 Aps-:AN

1019 712 1081 737 TA.
1102 711 1190 736 ΤΟΥ.
1212 711 1389 736 ΚΗΡΎΚΩΝ.
1412 710 1453 734 ΓΕ

1005 755 1110 780 ΝΟΥΣ.
1134 753 1312 779 ΑΡΞΑΝΤΑ.
1333 753 1415 777 ΤΗΣ.
1436 753 1469 777 ῙΕ

1005 798 1085 822 ΡΑΣ.
1107 797 1311 822 ΓΕΡΟΤΣῙΑΣ.
1333 795 1467 820 ΕΥΣΕΒΕ

1129 841 1199 865 ΙΑΣ.
1219 839 1342 864 ΕΝΕΚΑ.

991 883 1161 908 ΑΤΤΙΚΟΣ.
1184 881 1369 907 ΕΥΔΟΞΟὙ.
1391 880 1484 906 tom*

1096 926 1190 950 ΤῙΟΣ.
1214 924 1378 950 ΕΠΟῙΗΣΕ.

895 980 930 1009 In
946 980 991 1010 his
1007 981 1090 1009 Gens
1105 984 1170 1009 erat
1184 978 1389 1009 illustrissima
1404 976 1587 1010 Ἐτεοβουτά-

894 1022 949 1052 δαι.
964 1022 1186 1058 Ἐτεοβουτάδαι,
1197 1021 1270 1059 γένος
1283 1020 1406 1062 Ἀθῖινῃσι
1424 1020 1496 1051 πάνυ
1507 1026 1588 1060 λαμ·

895 1065 967 1105 πρόν.
999 1065 1135 1103 Hesych.
1181 1066 1219 1095 Id
1247 1064 1328 1103 quod
1357 1064 1465 1093 Suidas
1495 1063 1587 1093 babet

894 1108 966 1137 πολὺ
987 1108 1034 1137 καὶ
1057 1107 1199 1147 λαμπρόν.
1247 1107 1334 1145 Quod
1357 1106 1461 1136 itidem
1483 1115 1588 1135 verum

895 1161 962 1180 esse
984 1156 1096 1189 potest.
1146 1150 1192 1189 Ἐξ
1213 1148 1430 1182 Ἐτεοβουταδῶν
1455 1146 1529 1177 ἕλκει
1555 1147 1588 1177 τὸ

893 1192 980 1233 γένος]
1015 1192 1086 1222 'Etim
1109 1194 1163 1222 τῶν
1188 1192 1305 1229 εὐγενῶν.
1329 1190 1401 1228 γένος
1429 1202 1482 1229 yae
1507 1192 1588 1220 ωολυ

893 1246 940 1263 και
965 1234 1102 1274 λαμωςόν
1122 1233 1185 1264 ἀπο
1205 1234 1315 1269 Βουτου,
1340 1231 1391 1271 ἐφ’
1418 1244 1446 1262 ου
1468 1232 1489 1261 οἳ
1511 1232 1589 1271 ἱερεῖς

893 1275 1070 1307 καθισταντο
1091 1276 1237 1306 Ἀδηνηο-ι.
1260 1275 1398 1314 Apostol.
1424 1275 1520 1304 VIII.
1535 1276 1589 1305 62

894 1320 982 1358 Quali
1009 1329 1117 1357 genere
1144 1329 1296 1348 sacrorum
1320 1319 1403 1347 Gens
1423 1327 1459 1346 ea
1481 1317 1588 1346 distin-

894 1367 1047 1400 gueretur,
1064 1361 1139 1391 haud
1157 1361 1243 1390 facile
1262 1360 1319 1389 erit
1339 1364 1408 1398 post
1427 1363 1472 1388 tot
1491 1369 1587 1388 saecu-

892 1404 988 1433 lorum
1004 1403 1162 1432 intervalla
1176 1403 1326 1432 luculente
1341 1402 1476 1432 definire.
1509 1402 1588 1432 Con-

893 1450 952 1475 stat
968 1451 1064 1475 tamen
1081 1456 1119 1474 ex
1138 1456 1173 1475 ea
1191 1450 1339 1484 perpetuo
1359 1445 1452 1475 fuisse
1469 1444 1589 1474 desum-

892 1492 984 1526 ptam,
994 1499 1060 1527 quae
1073 1488 1231 1517 Minervae
1243 1487 1360 1517 Poliadi
1371 1497 1455 1516 sacra
1467 1487 1589 1522 faceret,

893 1531 1061 1569 cujusmodi
1088 1535 1270 1560 memoratur
1295 1540 1313 1559 a
1341 1530 1500 1560 Plutarcho
1528 1530 1590 1570 mg?

893 1570 1034 1607 δυσωπίας
1046 1583 1077 1611 p.
1089 1575 1163 1603 323.
1180 1574 1248 1602 Bas.
1261 1573 1439 1612 Lysimache
1451 1572 1588 1611 quaedam

902 1613 1029 1656 Αθῆνῃο-ι,
1051 1617 1064 1646 ἦ
1084 1617 1135 1649 τῆς
1154 1615 1285 1648 Πολιάδος
1304 1614 1393 1655 ἱέρεια.
1436 1615 1490 1644 Ait
1508 1615 1588 1644 enim

894 1658 1055 1687 AEschines
1067 1658 1105 1687 de
1115 1658 1150 1687 F.
1165 1659 1238 1697 Leg.
1255 1658 1280 1697 §.
1291 1656 1359 1697 fag-¹.
1373 1662 1487 1710 patre-m
1504 1667 1588 1687 suum

894 1701 985 1730 fuisse
1009 1711 1048 1729 ex
1071 1702 1207 1739 φςατςιᾶς
1230 1700 1262 1730 τὸ
1286 1699 1369 1738 γένος,
1389 1700 1404 1730 ’ἢ
1426 1702 1481 1729 τῶν
1499 1700 1591 1730 αὐτῶν

893 1742 997 1781 Βωμῶν
1018 1741 1243 1777 Ἐτεοβουτάδαις
1263 1742 1430 1784 μετέχει,ο
1419 1741 1476 1772 ὅθεν
1501 1743 1514 1772 ἧ
1539 1755 1591 1777 της

892 1783 1011 1818 Ἀθηνας
1026 1787 1076 1819 τῆς
1089 1784 1246 1819 Πολιαδος’
1237 1785 1315 1814 εστὶν
1330 1786 1421 1834 ἱέρεια.
1450 1786 1491 1814 Et
1507 1785 1590 1815 simi-

892 1828 963 1857 liter
994 1828 1158 1867 Nicephor.
1191 1829 1317 1867 Gregor.
1354 1828 1384 1857 in
1419 1828 1521 1858 Schol.
1551 1829 1590 1858 ad

894 1871 1001 1909 Synes.
1019 1872 1103 1900 Orat.
1120 1872 1158 1900 de
1174 1870 1351 1900 Insomniis:
1366 1869 1592 1906 Ἐτεοβουτάδαι,

892 1913 964 1951 γένος
989 1925 1018 1942 τι
1039 1913 1171 1965 ἀξχαῗον
1175 1912 1313 1952 ἔπίσιιμον
1333 1911 1359 1942 ἒν
1377 1911 1518 1948 Ἀθήναις·
1542 1913 1590 1942 καὶ

891 1955 1053 2008 «περιφανὲς,
1073 1955 1126 1995 ἀφ’
1143 1968 1172 1985 ου
1192 1956 1279 1990 aba-nc
1293 1954 1413 1988 Ἀθηνᾶς
1432 1954 1591 1994 ἐξελέγοντο

890 1997 992 2038 ῖέςειαι.
1045 2000 1172 2028 Constat
1194 1998 1286 2032 enim,
1308 1998 1334 2027 si
1357 2008 1415 2036 qua
1441 1999 1515 2027 fides
1538 1998 1590 2027 ha-

891 2040 989 2070 benda
1006 2040 1045 2070 sit
1060 2041 1161 2070 Schol.
1179 2040 1388 2079 Aristophanis
1408 2041 1444 2069 ad
1464 2040 1589 2070 Eccles.

892 2093 921 2112 v.
939 2086 988 2114 18.
1004 2084 1084 2122 quod
1105 2083 1134 2112 in
1155 2082 1369 2123 Sciroplnoriis,
1383 2083 1462 2121 quod
1479 2082 1588 2112 festum

891 2131 955 2155 erat
975 2126 1101 2156 Athenis
1123 2126 1256 2162 solenne,
1272 2125 1305 2155 τὸ
1326 2124 1424 2165 Σκίξον,
1449 2124 1589 2161 Umbella,

891 2169 969 2198 unde
985 2179 1020 2198 ea
1040 2169 1157 2208 Religio
1172 2168 1444 2207 cognominaretur,
1459 2167 1587 2198 circum·

890 2211 959 2241 ferri
975 2212 1099 2242 deberet
1114 2212 1163 2241 vel
1186 2212 1223 2241 ab
1240 2210 1402 2241 Erechthei
1418 2211 1588 2250 sacerdote,

891 2254 938 2283 vel
953 2255 990 2284 ab
1005 2255 1105 2293 aliquo
1117 2265 1155 2285 ex
1172 2264 1255 2284 sacra
1270 2253 1382 2283 familia
1395 2254 1587 2283 Butadarum.

890 2297 1068 2327 Promiscue
1105 2297 1184 2327 enim
1220 2296 1362 2326 dicuntur
1394 2297 1520 2326 Butadae
1556 2301 1587 2326 et

891 2340 1099 2375 Eteobutaglae.
1142 2340 1238 2369 Porro
1253 2343 1364 2375 autem,
1382 2337 1497 2378 insigne
1513 2349 1586 2378 quo·

890 2393 947 2420 que
962 2383 1055 2412 fuisse
1079 2383 1167 2421 hujus
1189 2382 1308 2412 familiae
1333 2381 1532 2412 ministerium
1555 2381 1586 2410 in

889 2425 1023 2464 Neptuni
1039 2425 1133 2456 sacris
1146 2425 1273 2464 liquebit
1289 2435 1327 2454 ex
1340 2424 1389 2460 iis,
1405 2434 1471 2463 quae
1484 2434 1501 2453 a
1514 2424 1585 2454 Plu-

890 2469 992 2498 tarcho
1031 2469 1069 2498 de
1108 2467 1243 2508 Lycurgi
1279 2477 1387 2505 genere
1424 2467 1585 2496 dicuntur:

886 2510 984 2540 ’Ἔστιν
1008 2511 1079 2541 αυτῆ
1103 2512 1116 2541 ἦ
1143 2521 1297 2548 καταγωγη
1325 2521 1374 2539 του
1396 2520 1495 2560 yevoucg
1520 2511 1586 2539 τῶν

889 2553 1133 2593 ἶεςασαμένων
1161 2554 1220 2583 τοῦ
1250 2552 1471 2586 Ποσειδῶνος,
1484 2550 1509 2580 ἒν
1538 2553 1586 2581 πί-

889 2607 948 2625 νακι
963 2596 1058 2634 τελείῳ
1068 2614 1110 2618 ——-
1121 2595 1166 2626 τὸν
1175 2595 1202 2626 δὲ
1213 2594 1315 2625 πίνακα
1330 2594 1458 2624 ἀνέθηκεν
1465 2594 1585 2634 Ἀβςων,

889 2638 901 2667 6
917 2640 986 2672 παῖς
1000 2639 1085 2669 αὐτοῦ
1101 2638 1282 2679 (Lycurgi),
1303 2639 1401 2678 λαχὼν
1418 2636 1450 2666 ἐκ
1469 2638 1518 2666 τοῦ
1537 2636 1584 2674 γέ-

890 2692 946 2715 νους
973 2683 1021 2712 τὴν
1047 2681 1193 2722 ἱερωσύνην,
1225 2682 1273 2710 καὶ
1304 2679 1514 2729 παραχωρήσας
1543 2679 1587 2717 τῷ

890 2724 1002 2763 ἀδελφῷ
1016 2724 1171 2763 Λυκόφρονι,
1184 2723 1232 2753 καὶ
1246 2724 1291 2753 δια
1305 2734 1388 2752 τουτο
1402 2720 1560 2751 πεποίηται
1571 2721 1583 2749 ὅ

900 2767 994 2808 Αβρων
1008 2767 1164 2806 προσ-διδους
1177 2766 1254 2805 αὐτῷ
1272 2778 1329 2797 την
1350 2763 1514 2804 τρίαιναν.
1537 2763 1584 2791 Si

891 2811 1004 2839 militer
1036 2810 1113 2839 iuter
1143 2809 1274 2849 Lycurgi
1304 2814 1441 2857 posteros
1471 2805 1583 2834 ibidem

891 2857 1092 2895 memorantur
1112 2852 1244 2882 Medeus
1259 2851 1393 2890 quidam,
1409 2847 1435 2881 34·
1450 2850 1497 2877 τὴν
1510 2847 1584 2884 ἶερω·

891 2894 968 2925 σύνην
987 2895 1190 2928 Ποσειδῶνος
1207 2891 1354 2943 Ἐρεχθέως
1376 2890 1450 2929 εἶχε»
1465 2888 1512 2918 ⁸²2
1536 2894 1584 2917 Φῖ-

892 2936 1018 2973 λιππιι,
1010 2949 1070 2971 ητις
1082 2938 1213 2976 aeguo-aro
1234 2938 1295 2969 τῆς
1315 2932 1464 2965 Αθηνας·
1488 2931 1584 2961 ΒῑΙῐΘ-ς

893 2981 983 3015 enim,
1000 2981 1077 3010 unde
1097 2980 1162 3009 haec
1185 2978 1295 3008 familia
1315 2981 1345 3006 et
1365 2974 1533 3014 appellatur
1555 2978 1585 3004 ct
