1981 3255
467 243 870 315 ¹DissERTA'rio
906 273 986 313 DE
1021 272 1300 318 DEMADE.
1527 277 1606 316 523

175 387 276 424 ritati
296 387 559 436 mansurisque
579 399 666 424 mox
683 386 801 424 literis
816 387 1030 437 reliquisse,
1046 394 1086 424 ut
1102 387 1287 425 Periclem
1305 395 1344 427 et
1358 388 1607 427 Demadem.”

166 455 214 485 -et
234 449 288 486 ΙΙ.
311 453 376 488 1¹7.
398 461 437 498 p.
459 453 548 486 1⁶29.
584 452 608 469 “
630 449 768 500 Neque
797 451 897 489 enim
923 449 1116 486 orationes
1144 449 1310 486 scribere
1338 463 1451 487 ausus
1474 457 1544 494 est,
1565 459 1607 488 ut

175 522 258 546 eum
286 509 444 546 multum
467 509 627 547 valuisse
654 510 691 547 in
712 512 876 550 dicendo
899 509 1101 549 sciamus.’'
1157 510 1262 546 Inter
1283 512 1516 549 recentiores
1536 512 1606 553 Di-

174 570 329 619 onysius
342 570 521 608 Petavius
539 572 581 608 L.
604 571 656 608 ΙΙ.
672 585 735 622 ep.
749 579 801 618 7.,
818 587 904 611 cum
926 579 983 609 tot
998 571 1095 615 aliis,
1113 574 1294 607 occurrit.
1326 571 1378 607 Hi
1394 572 1440 608 de
1457 573 1607 610 diverso

175 629 205 666 si
221 630 483 679 loquerentur,
498 644 568 669 cur
589 645 664 669 non
684 634 962 684 distinguerent
982 646 1002 669 a
1018 632 1251 669 celebriore?
1281 645 1348 668 cur
1364 633 1474 680 plane
1492 635 1608 671 nostri

174 691 314 728 nullam
335 692 505 730 facerent
526 694 786 732 mentionem?
815 708 963 744 curque
983 706 1058 730 non
1080 693 1210 743 potius
1233 692 1385 737 Suidas,
1409 693 1475 742 qui
1495 695 1609 732 modo

174 752 316 803 scripta
343 766 410 791 sua
436 755 669 803 compilavit,
690 769 817 794 errare
841 755 980 806 potuit,
1006 754 1203 804 duplicem
1233 752 1442 802 fingendo?
1485 754 1568 791 Nec
1591 768 1610 791 e

176 813 357 850 Demadis
377 815 612 852 orationibus
627 817 769 866 aliquid
788 818 951 855 afferunt
970 816 1145 853 rhetores
1159 815 1306 861 Graeci,
1324 815 1482 865 Dionys.
1506 815 1611 861 Hal„

176 875 388 925 Longinus,
412 876 688 926 Hermogenes,
710 878 784 924 alii,
805 891 929 928 neque
958 877 1186 914 Lexicorum
1214 876 1434 926 scriptores,
1457 876 1610 925 Harpo-

173 937 337 981 cration,
359 937 592 987 Hesychius,
613 937 762 978 Pollux.
818 940 896 976 Eos
917 951 1046 976 omnes
1067 938 1168 975 haud
1190 937 1352 983 novisse,
1372 936 1531 974 forsitan
1551 938 1614 974 ali-

174 997 263 1034 cubi
283 998 416 1044 latens,
433 998 792 1049 fragmentuni‚non
814 1001 972 1038 omnino
992 998 1195 1037 verisimile
1216 998 1294 1036 fiet.
1350 998 1612 1036 Excusserunt

173 1059 299 1096 omnia
314 1060 407 1097 tanti
427 1059 509 1106 viri,
526 1060 592 1111 qui
606 1061 665 1099 vel
681 1061 724 1099 id
746 1062 883 1112 ipsum,
897 1060 1002 1111 quod
1024 1060 1119 1097 alius
1134 1060 1331 1109 exceperit
1348 1058 1507 1104 calamo,
1524 1072 1610 1096 cum

174 1118 369 1157 Demades
400 1120 562 1167 diceret,
596 1122 675 1160 sine
709 1122 830 1160 dubio
864 1121 1107 1172 reperissent.
1171 1121 1371 1163 Quatenus
1403 1126 1529 1156 autem
1562 1119 1610 1156 ad

172 1180 352 1218 codicum
382 1181 500 1219 fidem
527 1190 565 1220 et
592 1183 739 1221 iuterna
760 1183 939 1233 quaedam
966 1183 1198 1219 documenta
1230 1193 1288 1218 res
1319 1186 1399 1217 tota
1426 1179 1608 1217 recurrit:

172 1242 296 1291 ipsum
324 1250 589 1292 argumentum
616 1246 706 1283 satis
736 1246 873 1282 leviter
902 1250 1103 1289 tractatur,
1136 1250 1178 1281 ut
1206 1256 1254 1280 ex
1288 1242 1362 1280 hoc
1395 1255 1520 1292 ungue
1550 1241 1611 1278 vix

173 1304 319 1340 leonem
341 1303 521 1353 aliquem,
542 1306 625 1342 sivev
641 1306 914 1343 Demosthenis
935 1305 1404 1354 aemulum,agnoscamus.
1464 1304 1608 1353 Propo-

172 1364 287 1402 nendi
313 1365 410 1402 ratio
441 1365 649 1403 levioribus
680 1366 812 1416 figuris
844 1368 964 1416 magis
996 1365 1183 1411 abundat,
1212 1378 1326 1414 quam
1359 1364 1610 1415 gravioribus.

173 1426 265 1463 Fere
292 1427 488 1476 perpetuis
515 1428 552 1464 in
578 1429 777 1471 ἀντιθέτοις
798 1429 914 1466 verba
939 1428 1155 1465 vibrantur:
1186 1427 1313 1464 multae
1340 1424 1611 1462 similitudines

160 1488 450 1537 'sententiaeque
471 1490 593 1526 minus
614 1497 739 1527 acutae
760 1490 901 1540 passim
923 1488 1148 1532 offendunt:
1184 1493 1226 1524 ut
1248 1494 1286 1524 et
1308 1485 1555 1536 repetitiones
1574 1492 1612 1522 et

172 1550 339 1587 lusiones
362 1550 578 1594 verborum,
607 1564 682 1588 non
717 1564 910 1600 nunquam
945 1550 1036 1587 satis
1062 1550 1218 1599 ineptae.
1276 1548 1317 1584 Si
1342 1547 1427 1596 quis
1452 1547 1610 1595 Gorgiae

174 1609 299 1647 stilum
321 1611 512 1660 appellat:
545 1618 719 1660 tempora
742 1610 1034 1659 distinguemuS,
1056 1622 1101 1646 ac
1122 1621 1223 1646 nunc
1244 1607 1487 1644 delicatiores
1509 1606 1611 1643 Atti-

173 1684 305 1708 cornm
331 1684 458 1716 aures;
489 1672 594 1721 quod
622 1679 660 1709 et
682 1671 878 1708 Diodorus
910 1671 990 1709 Sic.
1012 1670 1106 1707 XII.
1133 1673 1198 1707 53.
1228 1668 1362 1706 innuit.
1419 1668 1497 1705 Iste
1523 1667 1610 1717 qui-

174 1732 260 1769 dem
276 1732 383 1769 stilus
395 1745 462 1781 per
476 1732 624 1770 scholas
640 1733 898 1781 sophistarum
911 1730 1214 1771 instaurabatur3
1236 1740 1312 1764 non
1325 1734 1463 1772 autem,
1480 1727 1610 1764 audito

175 1791 451 1838 Demosthene,
470 1792 704 1829 retinebatur
730 1792 766 1829 in
791 1790 924 1829 Attico
956 1790 1053 1827 foro.
1110 1789 1195 1826 Nec
1221 1787 1420 1825 meliorum
1444 1788 1610 1837 partium

174 1853 408 1902 eloquentiae
424 1852 619 1898 doctores,
638 1852 877 1898 Aristoteles,
892 1857 931 1888 et
950 1850 1028 1896 alii,
1046 1849 1120 1887 tale
1138 1848 1350 1898 quidquam
1367 1848 1613 1898 praecipiunt,

174 1914 241 1951 sed
263 1914 522 1951 contrarium:
553 1912 619 1950 ubi
645 1912 820 1950 dicentes
846 1925 922 1949 non
947 1909 1080 1948 alienis
1105 1915 1345 1958 occupantur
1364 1908 1512 1958 frigide,
1534 1908 1614 1954 sed,

175 1976 231 2012 uti
252 1975 547 2020 Demosthenes,
568 1987 646 2011 rem
676 1973 797 2023 ipsam
826 1977 1122 2022 persequuntur.
1179 1970 1325 2006 Passim
1352 1969 1486 2014 dictio,
1510 1976 1616 2007 certe

175 2036 248 2072 snb
276 2035 403 2081 finem,
421 2035 612 2072 videretur
632 2033 796 2071 hominis
825 2046 908 2070 esse
931 2031 1142 2070 Christiani
1160 2046 1169 2076 ;
1200 2030 1272 2067 nisi
1292 2033 1389 2078 παρὰ
1410 2029 1506 2066 θεῶν
1526 2033 1557 2076 ξ.
1578 2035 1617 2068 3.

176 2103 215 2134 et
234 2096 323 2144 πρὸς
344 2095 438 2133 θεῶν
457 2099 487 2142 ξ.
509 2099 571 2132 10.
592 2095 826 2144 legissemus.
883 2093 1071 2130 Novimus
1095 2092 1260 2129 animum
1282 2090 1496 2128 Servatoris
1516 2089 1617 2139 περί-

175 2161 297 2195 λυπον
317 2157 458 2195 Matth.
482 2157 630 2195 XXVI.
650 2161 714 2195 38.
737 2164 777 2194 ut
797 2163 835 2194 et
854 2155 991 2193 Saulus
1013 2157 1102 2192 Act.
1122 2154 1234 2191 VIII.
1260 2159 1293 2191 l.
1314 2152 1360 2199 ἦν
1381 2152 1614 2192 συνευδοκῶν.

177 2220 408 2269 Quanquam
434 2219 788 2269 priusvocabulum
815 2224 853 2254 et
873 2217 1075 2263 Isocrates,
1096 2215 1162 2265 qui
1183 2215 1230 2252 ad
1254 2214 1510 2252 Demonicnm
1531 2227 1616 2252 ora-

177 2280 319 2318 tionem
347 2280 514 2330 scripsit,
535 2269 725 2329 posterius
749 2279 956 2316 Athenaeus
981 2277 1192 2328 usurpavit.
1248 2275 1320 2314 Sed
1344 2276 1425 2313 haec
1447 2275 1495 2313 ad
1522 2288 1615 2313 con-

176 2340 297 2378 textui
313 2340 574 2389 subjiciendas
590 2341 877 2378 observationes
893 2339 1084 2390 pertinent
1099 2351 1108 2382 3
1130 2337 1196 2376 ubi
1215 2337 1355 2388 passim
1370 2337 1445 2374 alia
1460 2350 1615 2387 quoque

175 2402 406 2439 notabimus.
464 2401 574 2439 Licet
607 2399 709 2438 haud
741 2401 971 2450 ignoremus,
1001 2401 1038 2437 in
1067 2399 1266 2438 vocabulis
1293 2398 1442 2436 facilius
1469 2398 1614 2449 aliquid

175 2463 376 2512 antiquum
394 2475 476 2499 esse
496 2462 664 2512 probari,
688 2475 803 2511 quam
823 2462 967 2511 negari.

181 2547 185 2558 2
227 2524 299 2561 XI.
330 2524 384 2562 Ut
399 2530 527 2562 autem
541 2524 623 2574 ipse
644 2522 852 2561 benevolus
869 2523 1004 2568 lector,
1020 2522 1125 2572 quod
1143 2522 1320 2572 equidem
1340 2521 1440 2559 haud
1458 2534 1613 2572 prorsus

174 2585 312 2632 audeo,
333 2585 548 2633 dijudicare
575 2591 707 2634 queat,
727 2584 980 2634 fragmentum
1001 2584 1108 2629 illud,
1127 2597 1174 2621 ex
1195 2583 1338 2620 Aldino
1367 2590 1549 2620 contextu
1571 2596 1609 2632 p.

173 2651 263 2686 182.
280 2659 381 2696 sqq„
402 2659 477 2684 non
494 2646 574 2683 sine
589 2646 842 2690 correctione,
865 2644 981 2694 inque
996 2645 1142 2681 minora
1163 2644 1330 2681 membra
1346 2643 1610 2687 distinctione,

176 2709 394 2757 repetitum,
416 2708 567 2745 efficiet.
625 2706 923 2756 Dispositionem
945 2706 1127 2742 orationis
1148 2705 1177 2741 si
1203 2704 1402 2754 praefigere
1423 2704 1609 2740 debeam:

176 2782 252 2807 non
271 2770 435 2816 invenio,
454 2777 595 2820 praeter
622 2769 820 2806 exordium
841 2774 877 2805 et
900 2774 1045 2817 partem
1073 2768 1247 2804 oratoriae
1269 2765 1506 2804 narrationis.
1536 2765 1611 2801 Ex-

175 2830 326 2867 ordium
346 2830 473 2880 capite
493 2831 526 2868 Ι.
543 2830 781 2880 depromitur
800 2842 821 2865 a
838 2828 1171 2866 commendatione
1185 2828 1363 2877 judicum
1383 2831 1415 2873 ἓ.
1431 2831 1468 2863 1.
1489 2832 1525 2862 et
1546 2839 1610 2861 eo-

176 2904 258 2928 rum
272 2891 384 2929 officii
399 2896 431 2940 ᾖ.
445 2896 482 2929 2.
498 2905 622 2942 neque
639 2891 761 2929 minus
777 2890 876 2940 opis,
890 2889 987 2927 inter
999 2889 1206 2940 petitiones
1217 2887 1530 2930 adversariorum,
1547 2885 1611 2921 de-

174 2951 400 2990 sideratione
421 2957 451 3000 §.
468 2957 505 2991 3.
526 2953 615 2990 item
635 2966 656 2989 a
676 2951 851 2989 modesta
874 2950 1120 3000 depressione
1143 2950 1201 2988 sui
1217 2954 1246 2997 ς.
1266 2954 1302 2985 4.
1332 2960 1419 2984 cum
1441 2947 1607 2994 inspersa

174 3011 409 3061 laudatione,
423 3019 461 3051 et
474 3014 689 3052 narratione
701 3013 919 3052 meritorum
935 3015 965 3058 ξ.
979 3015 1016 3050 5.
1031 3025 1051 3050 a
1063 3012 1150 3050 loco
1165 3009 1368 3054 communi,
1384 3008 1431 3045 de
1448 3005 1607 3044 difficul-
