1981 3255
335 195 414 236 568
866 195 944 235 DE
977 194 1225 235 HERODE

387 305 583 356 Epistolas
609 306 773 344 Herodis
798 308 978 357 plurimas
1005 308 1134 352 fnisse,
1162 314 1321 345 testatur
1351 308 1564 346 Philostrat.
1592 321 1629 357 p.
1659 312 1749 346 565.

334 381 493 418 quarum
509 368 654 417 aliquas
674 377 866 413 memorat,
887 370 940 407 uti
956 369 1004 406 ad
1023 370 1209 408 Julianum
1232 383 1270 419 p.
1287 373 1376 407 552.
1393 370 1439 407 ad
1460 370 1644 415 Marcum,
1659 370 1750 420 imp.

333 441 372 478 p.
387 433 475 468 562.
495 429 543 466 ad
564 429 750 475 Cassium,
764 443 878 467 novas
894 444 952 467 res
974 431 1203 475 molientem,
1221 444 1258 480 p.
1278 435 1369 469 563.
1399 431 1562 481 Ἡρώδης
1580 431 1751 482 Κασσίῳ,

331 489 462 539 ἐμάνη,
485 489 654 528 Herodes
675 490 815 535 Cassio,
835 491 995 527 insanis.
1015 513 1067 518 —
1090 491 1284 528 Hactenus
1304 492 1515 530 Fabricius.

386 550 530 588 Praeter
551 551 752 588 Orationes
769 557 805 587 et
826 550 1036 599 Epistolas,
1057 563 1076 586 a
1099 551 1272 587 Fabricio
1288 557 1609 595 commemoratas,
1633 551 1752 588 Hero-

333 610 419 648 dem
442 617 611 648 nostrum
637 618 675 648 et
697 611 773 648 alia
801 611 943 660 scripta
970 610 1108 648 multass
1135 610 1396 657 nobilitarunt,
1417 618 1454 648 et
1474 611 1750 661 Inscriptiones

333 671 509 722 quaedam
537 684 631 720 quas
662 671 720 718 yel
748 672 829 721 ipse
859 671 1085 720 composuit,
1105 672 1162 706 vel
1192 671 1240 708 ab
1265 670 1347 708 aliis
1373 672 1658 721 componendas
1679 672 1751 708 sibi
1778 677 1793 685 “

331 733 490 770 curavit.
546 730 879 774 Quemadmodum
900 733 999 768 enim
1019 731 1326 780 opulentissimus
1353 732 1544 781 Sophista,
1565 733 1630 781 qui
1651 733 1751 769 cele-

331 792 469 829 britate
485 804 697 829 sermonum
716 800 752 829 et
768 793 922 842 publica
940 793 1023 830 luce
1043 793 1246 836 laetaretur,
1261 794 1448 842 permulta
1466 806 1581 843 opera
1601 801 1639 831 et
1657 794 1751 831 aedi-

331 846 417 890 ficia
442 852 596 901 publica
618 865 692 889 non
719 853 881 891 Athenis
900 853 1036 901 solum,
1056 854 1123 890 sed
1146 853 1376 891 Philostrato
1399 861 1509 904 teste,
1537 867 1606 904 per
1632 860 1751 892 totam

330 925 438 962 paene
459 912 666 958 Graeciam,
686 913 814 950 Asiam
842 920 882 951 et
907 913 1057 950 Italiam
1080 920 1118 950 et
1138 914 1368 959 instauravit,
1387 921 1426 951 et
1453 914 1500 951 de
1527 927 1627 951 novo
1649 915 1752 960 fecit,

332 978 564 1022 statuasque,
578 973 733 1023 templa,
747 973 895 1020 balnea,
908 986 1086 1025 aquarum
1099 975 1252 1020 ductus,
1266 975 1463 1012 simulacra
1480 975 1597 1013 multa
1613 975 1751 1024 posuit:

331 1033 383 1070 ita
398 1033 470 1070 sibi
484 1041 770 1071 monumentum
788 1034 938 1084 suisque
955 1035 1172 1072 haeredibus
1189 1035 1226 1072 in
1241 1035 1373 1085 primis
1388 1036 1524 1073 struxit
1542 1036 1579 1073 in
1596 1035 1753 1085 Triopio

331 1106 413 1140 sno,
433 1094 538 1143 quod
560 1094 630 1131 suit
650 1096 850 1146 α’πότμημα
871 1095 992 1142 fundi,
1015 1109 1127 1146 quem
1150 1096 1339 1141 Herodes,
1361 1097 1533 1146 conjugis
1555 1095 1754 1141 beneficio,

331 1155 379 1193 ad
401 1156 551 1193 tertium
566 1156 614 1193 ab
635 1156 739 1194 Urbe
761 1156 923 1206 lapidem
938 1156 974 1194 in
996 1157 1055 1195 via
1072 1157 1196 1207 Appia
1217 1157 1399 1207 possedit,
1417 1158 1644 1207 appellatum
1661 1157 1753 1194 illud

331 1228 353 1252 a
377 1215 534 1265 Triopa‚
564 1216 842 1256 Erisichthonis
869 1217 1005 1266 patre,⁹
1031 1225 1295 1255 consecratum
1321 1217 1417 1262 Diis,
1448 1223 1588 1268 τεμένει
1616 1217 1754 1254 instru-

331 1283 433 1314 ctum
453 1283 490 1314 et
508 1278 684 1327 sepulcro
704 1277 814 1315 etiam
836 1277 988 1316 familiae
1009 1278 1250 1315 destinatum.
1307 1278 1364 1315 Ex
1383 1278 1456 1315 hoc
1474 1278 1634 1328 Triopio
1653 1290 1753 1314 nuno

331 1338 485 1387 quidem
501 1348 724 1382 QUATUOR
744 1339 853 1376 nobis
868 1348 1232 1376 INSCRIPTIONES
1250 1339 1462 1382 innotuere,
1479 1351 1572 1389 quas
1591 1338 1754 1376 breviter

332 1398 628 1435 recensebimus.

385 1459 418 1495 I.
449 1459 718 1496 INSCR1PT10
742 1458 890 1495 duabus
910 1458 1095 1495 columnis
1114 1459 1244 1504 incisa,
1265 1471 1350 1508 quae
1377 1458 1490 1496 factae
1514 1466 1599 1495 sunt
1618 1471 1637 1496 e
1657 1471 1753 1496 mar-

332 1531 437 1556 more
452 1519 634 1569 Carystio
655 1518 866 1568 (cipollino
884 1518 1034 1566 verde),
1056 1525 1218 1567 repertae
1240 1519 1390 1555 ineunte
1411 1519 1519 1555 XVI.
1542 1519 1696 1564 saeculo,
1716 1525 1756 1556 et.

332 1581 493 1631 posthac
510 1581 545 1617 in
566 1581 696 1618 bortos
717 1579 963 1617 Farnesianos
978 1580 1184 1617 translatae.
1238 1579 1350 1617 Unde
1370 1585 1379 1600 ‘
1397 1579 1632 1617 Farnesianae
1652 1580 1756 1617 coln-

333 1654 429 1678 mnae
450 1641 662 1690 inscriptio’
676 1640 757 1679 dici
773 1641 882 1677 solet.
913 1640 1002 1677 Istae
1023 1653 1113 1677 vero
1130 1640 1331 1685 columnae,
1351 1653 1457 1690 quas,
1473 1640 1670 1690 probabile
1685 1648 1755 1687 est,

331 1702 368 1738 in
399 1701 482 1752 ipso
514 1701 670 1738 introitu
696 1700 843 1751 Triopii
874 1700 1083 1738 Herodiani
1115 1700 1201 1737 olim
1231 1700 1346 1738 fuisse
1373 1707 1534 1745 erectas,
1561 1700 1690 1738 Cereri
1716 1706 1755 1738 et

332 1762 570 1812 Proserpinae
588 1762 922 1810 subterraneisque
941 1761 1026 1798 Diis
1040 1761 1230 1798 dedicatae
1245 1767 1346 1805 sunt,
1364 1761 1664 1811 praecipiuntque
1679 1761 1756 1799 loci

332 1826 579 1864 reverentiam
606 1838 649 1862 ac
678 1825 891 1873 religionem
918 1824 1157 1869 adeuntibus,
1185 1836 1271 1861 cum
1295 1824 1566 1872 imprecatione
1590 1823 1754 1870 illorum,

333 1886 362 1923 si
383 1887 446 1935 qui
468 1885 564 1923 forte
586 1885 676 1923 sede
699 1885 779 1922 illas
800 1897 864 1921 sua
884 1896 1047 1928 movere,
1067 1891 1132 1920 aut
1152 1896 1298 1921 sacrum
1317 1883 1443 1920 locum
1464 1883 1604 1920 violare
1624 1896 1754 1933 aggre-

333 1948 497 1986 diantur.
555 1947 845 1996 inscriptionem
865 1946 1057 1996 publicam
1077 1945 1200 1983 fecere
1221 1946 1390 1996 Scaliger
1409 1946 1445 1982 in
1465 1946 1757 1982 animadversio·

334 2009 445 2046 nibus
475 2009 523 2047 ad
552 2009 754 2046 Eusebium
779 2021 816 2058 p.
844 2010 934 2044 210.
981 2007 1169 2044 Gruterus
1197 2008 1233 2044 in
1261 2007 1432 2056 Corpore
1461 2006 1756 2056 Inscriptionum

334 2083 372 2119 p.
398 2074 461 2110 27.
491 2071 745 2108 Montfaucon
777 2069 1038 2119 Palaeograpb.
1072 2071 1223 2107 Graecae
1253 2069 1337 2106 Lib.
1370 2069 1421 2106 11.
1455 2082 1495 2118 p.
1526 2072 1612 2106 135.
1643 2069 1759 2106 Lanzi

335 2131 474 2180 Saggio
489 2131 583 2168 sulla
602 2131 726 2180 lingua
744 2131 904 2167 Etrusca
920 2130 961 2166 P.
981 2130 1012 2167 Ι.
1033 2142 1066 2166 c.
1083 2129 1150 2166 VI.
1169 2136 1207 2169 9.
1225 2131 1340 2168 ΧΙΙΙ.
1361 2143 1397 2180 p.
1415 2134 1502 2168 146.
1523 2137 1561 2168 et
1579 2130 1677 2168 Tab.
1691 2129 1758 2168 IV.

335 2204 372 2228 n.
403 2192 510 2229 XVI.
558 2191 812 2230 Rambachius
843 2191 878 2228 in
908 2191 1193 2240 Supplementis
1223 2191 1502 2241 Archaeologiae
1529 2191 1759 2229 Potterianae

335 2253 444 2291 Tom.
463 2253 534 2290 111.
555 2266 592 2303 p.
619 2257 710 2290 2:34.
734 2252 901 2302 denique
921 2252 1097 2290 Visconti
1125 2253 1281 2290 Inscriz.
1308 2252 1478 2303 Triopee
1503 2264 1568 2289 ora
1593 2251 1760 2301 Borghe-

336 2313 438 2351 siane
458 2327 495 2363 p.
516 2319 553 2353 6.
581 2314 770 2351 Caeterum
789 2313 967 2364 quoniam
994 2313 1190 2362 inscriptio
1217 2313 1299 2351 liaec
1325 2312 1624 2363 antiquissimam
1645 2311 1760 2350 refert

336 2416 472 2445 pus,quo
481 2406 630 2445 Sopliistae
644 2406 793 2444 ingenium
803 2405 1031 2444 doctrinamque

337 2449 526 2478 conserebant
543 2450 578 2477 ad
599 2450 752 2487 lingendos
768 2449 910 2487 quosdam
927 2448 1031 2482 libros,

337 2491 517 2528 eosdemque
540 2491 668 2529 antiquis
697 2491 892 2530 scriptoribus
919 2490 1031 2519 tribue-

337 2534 419 2562 bant.
463 2533 511 2561 Sic
529 2534 583 2560 sub
608 2534 776 2564 nominibus
801 2533 900 2572 Lysia:
923 2538 953 2562 et
970 2533 1031 2561 De-

338 2574 502 2604 mosthenis
524 2573 669 2613 ἐπιτάφιοι
692 2576 766 2612 λόγοι
792 2581 938 2614 prostant,
966 2585 1031 2613 qua:

337 2617 465 2656 ingeniis
474 2617 680 2655 Sophistaruin
691 2619 781 2647 multo
791 2619 944 2657 digniores
952 2623 1032 2652 sunt,

338 2671 425 2699 quam
443 2659 540 2698 Lyniae
558 2664 588 2689 et
607 2660 825 2690 Demosthenis.
870 2663 943 2690 Sunt
959 2670 1032 2698 quo-

339 2713 396 2741 que
412 2703 488 2732 inter
503 2700 675 2731 Platonicos
692 2703 839 2741 dialogos,
855 2714 929 2742 quos
946 2712 1032 2731 nemo

340 2755 398 2774 non
415 2744 495 2774 videt
517 2744 691 2783 suppositos
711 2756 790 2775 esse.
835 2744 1032 2775 Memorabile

340 2793 398 2823 eat,
414 2790 475 2826 jum
495 2785 772 2826 Harpocrationem,
790 2789 907 2825 quoties
925 2787 1033 2825 Lysiae,

340 2829 519 2869 Hyperidis,
540 2833 590 2858 aut
611 2828 685 2858 alius
708 2831 805 2866 magni
823 2831 948 2859 oratoris
968 2840 1032 2858 ora-

340 2873 450 2902 tionem
466 2872 578 2908 laudat,
600 2871 765 2911 saepissime
786 2873 907 2907 addere,
929 2872 951 2901 εῖ
973 2872 1032 2908 γνή-

340 2925 406 2949 σιον,
425 2917 446 2944 si
467 2924 564 2944 verum
585 2918 633 2945 est.
660 2914 720 2945 vid.
746 2913 840 2953 Harp.
861 2927 890 2954 p.
915 2918 962 2944 11.
984 2915 1032 2945 13.

342 2959 391 2988 22.
407 2959 457 2988 23.
475 2962 532 2987 etc.

1106 2408 1118 2425 ⁸
1140 2404 1249 2434 Suidas
1276 2405 1313 2434 de
1334 2405 1458 2435 Herode
1480 2404 1508 2434 in
1533 2404 1652 2434 lexicon
1673 2413 1759 2433 suum

1064 2447 1122 2477 ista
1142 2448 1254 2482 retulit,
1278 2448 1315 2476 ab
1341 2447 1441 2486 aliquo
1468 2447 1618 2485 Sophiste,
1643 2445 1759 2483 opinor,

1064 2489 1186 2528 scripta.
1214 2491 1301 2519 Toni.
1324 2491 1371 2519 ΙΙ.
1393 2500 1461 2529 pag.
1482 2492 1533 2521 78.
1563 2487 1688 2527 φέρονται
1710 2488 1760 2516 καὶ

1064 2532 1142 2560 ἄλλα
1168 2534 1308 2567 πλεῖστα,
1335 2531 1360 2561 ἐν
1385 2531 1422 2567 οἷς
1447 2531 1479 2561 τό
1505 2528 1685 2570 μεγαλοφυές
1711 2530 1758 2559 καὶ

1065 2573 1181 2611 ὕψιστον
1195 2576 1272 2604 τοῦδε
1287 2575 1336 2603 τοῦ
1357 2574 1445 2614 ἀνδρὸς
1466 2573 1623 2611 θεωρεῖται,
1644 2571 1691 2601 καὶ
1707 2583 1759 2601 iou·

1064 2618 1213 2653 τανοεῖται,
1229 2617 1276 2645 καὶ
1292 2617 1510 2647 καταδείκνινται.
1534 2615 1669 2644 Ειειιετ.

1106 2661 1119 2680 9
1142 2660 1207 2689 Non
1233 2665 1343 2689 temere
1366 2659 1420 2688 boc
1444 2657 1563 2696 scripsi,
1587 2666 1682 2695 neque
1711 2656 1760 2686 in-

1065 2701 1145 2730 scius
1161 2702 1209 2731 vel
1225 2701 1346 2731 aliarum
1363 2699 1589 2734 sententiarum,
1605 2699 1653 2729 vel
1667 2698 1760 2728 etiam

1066 2743 1159 2778 illius,
1173 2753 1258 2782 qaam
1272 2742 1492 2772 eruditissimus
1507 2741 1642 2771 visconti
1654 2742 1692 2771 de
1704 2751 1759 2780 ap-

1066 2786 1233 2824 pellatione·
1243 2790 1273 2815 et
1287 2790 1390 2814 natura
1404 2784 1518 2822 'l'riopii
1539 2794 1632 2823 nuper
1647 2793 1758 2822 propo-

1066 2828 1135 2857 suit.
1181 2827 1256 2857 Rem
1271 2837 1387 2856 ornnem
1401 2827 1576 2866 diligentins
1589 2825 1710 2857 excussi
1725 2824 1757 2855 in

1065 2871 1199 2900 Censura
1225 2870 1390 2899 Viscontini
1416 2869 1526 2908 operia,
1557 2878 1622 2908 quae
1645 2868 1756 2898 inserta

1065 2918 1111 2942 est
1127 2911 1378 2951 premeridibus
1395 2913 1476 2942 univ.
1492 2910 1654 2946 litterariis,
1675 2911 1756 2940 lenae

1065 2954 1279 2993 prodeuntibus
1294 2965 1358 2985 aun.
1379 2957 1471 2986 1796.
1493 2965 1521 2986 n.
1537 2956 1588 2985 61.
1612 2954 1713 2984 loen.
