1981 3255
309 215 394 257 556
890 212 1172 255 FIORILLO

312 326 479 365 Herodis
497 324 722 371 enarranda,
744 326 1088 376 comparandisque
1115 332 1155 363 et
1185 325 1434 363 conciliandis
1456 325 1554 362 inter
1581 337 1619 362 se
1640 331 1741 363 vete-

311 401 392 426 rum
412 387 638 438 scriptorum
657 387 705 425 de
723 387 877 424 Herode
897 387 1136 433 testimoniis,
1155 399 1285 424 omnes
1305 387 1481 424 subortas
1501 386 1744 424 difficultates

312 448 475 486 feliciter
509 448 674 486 sustulit.
733 447 818 484 Hoc
846 453 963 497 caput
992 460 1012 484 e
1045 447 1207 485 Fabricii
1234 447 1473 485 Bibliotheca
1503 447 1745 496 desumptum

314 508 598 559 adjungendum
620 509 764 553 censui,
783 507 1116 551 observationibus
1131 508 1319 550 nonnullis
1336 507 1514 557 inspersis
1527 506 1746 556 additisque

315 568 456 606 notulis
476 568 630 607 nostris.
685 568 785 611 Quae
806 566 842 603 in
865 566 1084 604 Academiae
1106 565 1286 604 Parisinae
1307 566 1414 605 Actis
1447 567 1669 613 (Memoires
1698 566 1746 604 de

315 630 559 676 Litterarum,
592 630 640 666 Τ.
675 628 805 665 XXX.
835 641 873 677 p.
900 633 931 667 l.
958 628 1050 677 sq.),
1083 634 1208 664 exstat
1242 627 1290 664 de
1326 628 1479 665 Herode
1515 628 1745 671 dissertatio,

317 691 694 742 Burignyi,eandern,
711 702 823 738 quam
843 686 878 725 in
898 686 980 725 aliis
1002 688 1115 737 liujus
1137 687 1204 724 viri
1231 688 1334 725 docti
1355 689 1506 738 scriptis
1525 689 1747 734 invenimus,

317 751 554 801 antiquitatis
584 748 778 787 scientiam
806 749 988 795 ostendit,
1013 756 1053 787 at
1079 749 1170 799 quia
1189 749 1330 798 saepius
1351 749 1526 798 indagata
1545 762 1618 786 non
1646 755 1749 786 recte

317 812 458 856 attulit,
486 818 522 848 et
549 810 784 858 conjecturis
810 809 980 855 indulsit,
1009 809 1149 860 saepius
1180 823 1254 846 non
1282 811 1518 853 necessariis,
1549 823 1630 848 eam
1656 811 1750 848 omi-

320 873 447 909 simus.

370 932 510 982 Adjeci
528 933 738 970 orationem
763 945 849 981 quae
867 931 1031 970 Herodis
1051 932 1203 969 nomine
1232 932 1414 982 inscripta
1441 938 1513 975 est,
1536 931 1752 981 tradidique

320 994 447 1044 operis
468 993 759 1031 exscribendum
777 993 921 1030 Reiskii
947 994 1178 1044 exemplum,
1197 1007 1283 1032 curn
1312 993 1449 1031 Latina
1465 993 1624 1031 Meursii
1638 993 1754 1031 inter—

319 1054 548 1106 pretatione.
603 1054 765 1098 Quoties
804 1054 978 1092 Reiskius
1013 1055 1050 1106 in
1084 1054 1486 1092 Animadversionibus
1514 1053 1755 1103 conjecturas

320 1128 406 1153 suas
425 1121 711 1161 commemorat,
727 1128 790 1153 eas
809 1116 973 1165 integras
984 1115 1177 1165 subjunxi,
1193 1116 1364 1166 pluribus
1379 1128 1467 1153 vero
1482 1115 1531 1153 ad
1545 1116 1754 1154 orationem

321 1176 369 1214 de
389 1175 564 1214 lectionis
585 1176 764 1214 varietate
779 1177 1001 1214 sententiam
1021 1177 1148 1215 dicere
1168 1177 1284 1223 nolui,
1300 1177 1401 1226 quia,
1414 1182 1457 1214 ut
1472 1176 1566 1213 bene
1580 1176 1757 1215 Reiskius

323 1238 481 1282 monuit,
509 1238 569 1274 vix
600 1237 716 1287 digna
753 1244 824 1282 est,
863 1244 906 1275 ut
940 1239 978 1274 in
1016 1238 1270 1288 explicatione
1304 1237 1496 1288 ingenium
1522 1244 1755 1276 conteratur.

322 1299 449 1351 Ipsam
478 1298 578 1335 enirn
603 1298 634 1335 si
667 1298 876 1336 orationem
905 1299 976 1336 sub
995 1298 1160 1337 Herodis
1188 1298 1339 1336 nomine
1369 1299 1497 1336 adhuc
1525 1299 1755 1336 venditatam

322 1359 590 1405 examinamus,
611 1358 777 1409 linguam
798 1359 967 1397 videmus
986 1359 1124 1396 multas
1140 1360 1374 1397 contraxisse
1394 1359 1528 1396 sordes
1541 1359 1591 1396 ab
1605 1359 1755 1397 illorum

323 1425 553 1468 temporum,
588 1419 729 1469 quibus
760 1420 943 1457 sermonis
973 1432 1069 1469 pura
1101 1419 1248 1456 indoles
1281 1419 1544 1469 elegantiaque
1577 1419 1757 1456 naturalis

323 1479 502 1530 perierat,
524 1479 764 1528 contagione.
821 1480 961 1524 Quare,
981 1480 1048 1529 qui
1075 1480 1209 1516 diurna
1235 1493 1318 1516 eum
1339 1480 1492 1529 optimis
1517 1479 1654 1517 Atticis
1673 1492 1757 1517 ora-

324 1538 471 1576 toribus
506 1537 761 1576 familiaritate
791 1545 1004 1585 contracta,
1041 1539 1241 1589 ingenuam
1291 1546 1329 1576 et
1368 1539 1566 1576 amabilem
1605 1539 1758 1577 Graecae

325 1599 462 1636 Suadae
494 1598 631 1636 faciem
665 1607 805 1637 norunt
837 1607 875 1637 et
906 1600 1016 1637 unice
1044 1599 1221 1649 diligunt,
1255 1613 1322 1638 eos
1350 1601 1556 1650 Anonymi,
1594 1600 1760 1638 Herodis

324 1673 460 1698 nomen
491 1662 653 1706 mentiti,
682 1662 896 1710 eloquentia
931 1673 1063 1711 parum
1094 1661 1314 1701 delectabit.
1369 1664 1549 1700 Attamen
1570 1662 1617 1699 ad
1637 1661 1758 1699 histo·

324 1722 415 1759 riam
437 1722 669 1771 eloquentiae
690 1723 856 1768 Graecae,
877 1722 968 1771 quin
996 1721 1042 1758 ad
1066 1722 1220 1759 humani
1247 1723 1385 1771 ingenii
1408 1722 1602 1760 historiam
1621 1735 1761 1773 cogno-

325 1784 519 1827 scendam,
541 1795 615 1819 non
635 1782 755 1820 solum
777 1782 922 1820 faciunt
942 1782 1089 1832 egregia
1113 1786 1338 1832 magnorum
1358 1784 1521 1821 virorum
1541 1795 1671 1833 opera,
1692 1783 1758 1821 sed

325 1844 517 1893 pertinent
558 1845 632 1881 buc
668 1856 822 1893 quoque
857 1843 1081 1889 mediocres,
1116 1843 1245 1889 immo,
1268 1845 1332 1893 qui
1374 1857 1419 1880 ne
1454 1844 1759 1882 mediocritatem

326 1905 479 1954 quidem
507 1905 715 1955 attingunt,
737 1905 833 1942 libri.

377 1969 502 2007 Aliam
521 1970 616 2006 viam
638 1963 760 2006 inii'iu
777 1968 1012 2019 explicandis
1028 1968 1273 2006 carminibus.
1332 1969 1550 2014 Salmasius,
1568 1969 1604 2006 in
1626 1981 1761 2019 magno

325 2044 395 2067 suo
422 2030 720 2074 Commentario,
749 2030 966 2067 immensam
999 2029 1157 2080 protulit
1191 2030 1304 2072 varim
1338 2030 1563 2067 eruditionis
1585 2031 1760 2080 copiam

327 2093 558 2141 exspatiatur
577 2105 653 2129 non
676 2105 760 2130 raro
782 2092 948 2136 liberius,
965 2098 1080 2142 atque
1103 2091 1346 2128 varietatibus
1366 2091 1636 2141 distinguendo
1650 2105 1763 2141 opus,

327 2153 550 2190 diverticula
582 2154 689 2203 quasi
719 2154 870 2203 quaerit,
907 2153 986 2197 ubi,
1022 2153 1086 2201 qui
1124 2152 1363 2200 antiquitatis
1395 2165 1524 2191 amore
1556 2153 1762 2200 ducuntur,

328 2214 492 2251 suaviter
511 2215 769 2264 requiescant.
827 2215 910 2252 Nos
944 2227 1032 2251 usos
1061 2227 1144 2250 esse
1179 2214 1244 2250 viri
1273 2215 1411 2252 eruditi
1431 2215 1764 2258 animadversioni-

332 2275 415 2318 bus,
437 2274 554 2312 libere
577 2275 752 2319 fatemur,
779 2282 832 2319 et,
852 2288 898 2312 nc
924 2275 1023 2324 apud
1054 2287 1186 2322 aequos
1207 2286 1330 2311 reruni
1355 2275 1521 2322 judices,
1544 2276 1618 2313 lioc
1640 2275 1765 2313 fraudi

330 2334 391 2380 sit,
407 2335 466 2370 vix
484 2348 668 2372 veremur.
724 2335 839 2380 Quod
871 2336 1066 2384 praecipue
1093 2334 1338 2372 doctissimus
1361 2336 1547 2381 Visconti‚
1566 2336 1602 2373 in
1619 2337 1766 2386 optimo

330 2394 612 2432 Commentario
632 2395 910 2434 observandum
939 2395 1010 2431 sibi
1031 2395 1194 2444 putavit,
1219 2395 1385 2444 pertinet
1404 2397 1452 2433 ad
1483 2408 1605 2434 rerum
1631 2396 1765 2433 verbo-

332 2467 489 2504 rumque
527 2456 825 2493 illustrationem.
886 2456 974 2492 Non
1015 2455 1094 2492 sine
1127 2457 1324 2506 voluptate
1369 2457 1589 2506 agnovimus
1634 2456 1765 2493 miram

330 2516 516 2552 doctrinae
537 2517 700 2565 copiam,
726 2519 878 2554 Graecae
900 2517 1038 2565 linguae
1059 2516 1253 2554 scientiam
1274 2524 1506 2560 accuratam,
1528 2516 1768 2565 antiquitatis

333 2576 500 2614 studium
529 2577 729 2625 singulare.
787 2578 895 2615 Locis
937 2577 1060 2614 multis
1099 2591 1118 2613 e
1158 2579 1361 2626 lapidibus,
1388 2591 1482 2628 quos
1511 2584 1596 2613 aiite
1635 2578 1768 2614 oculos

335 2638 483 2681 habuit,
505 2637 660 2673 affusam
682 2651 760 2674 esse
782 2638 916 2682 lucem,
938 2638 1054 2675 multa
1076 2639 1244 2675 historice.
1272 2640 1394 2686 capita
1415 2637 1564 2686 egregie
1583 2639 1769 2687 exposita,

335 2698 580 2746 indolemque
611 2697 817 2734 carminum
851 2699 1032 2746 praeclare
1070 2699 1289 2736 illustratam
1320 2712 1400 2735 esse
1430 2698 1604 2734 fatemur.
1679 2698 1766 2735 Non

336 2758 511 2808 exiguum
551 2757 677 2807 itaque
713 2756 876 2794 fructum
921 2759 1082 2797 lectores
1118 2765 1363 2808 percepturos
1399 2772 1479 2795 esse
1518 2758 1765 2808 speravimus,

337 2818 482 2856 additis
502 2824 640 2855 nostra:
669 2816 828 2854 editioni
855 2819 1060 2867 praecipuis
1089 2816 1273 2855 viscontii
1306 2819 1648 2864 observationibus,
1677 2820 1767 2868 quia

339 2893 412 2916 non
436 2880 638 2927 admodum
662 2878 775 2914 inulta
808 2880 977 2928 exeinpla
1005 2880 1040 2916 iu
1073 2879 1136 2916 lias
1168 2885 1283 2915 terras
1304 2886 1479 2928 putamus
1499 2879 1642 2929 perlata
1673 2892 1766 2924 esse,
