1981 3255
274 201 344 253 62

865 204 1126 248 ῙΣΑῙΟΎ

274 318 355 371 δεῖν
391 329 481 377 τοῖς
514 318 612 370 dvx-0*
647 318 756 368 1τοῦ
787 315 1047 385 αὐτομάτου
1095 315 1191 366 ἐκεῖ
1224 312 1484 379 2ἐντυχοῦσι
1521 312 1716 387 μάρτυσι

274 393 478 461 χρῆσθαι
499 390 597 466 περὶ
617 394 696 452 τῆς
714 388 963 454 ἐξαγωγῆς,
984 387 1095 439 α’λλ’
1118 387 1218 447 ἧκεν
1239 384 1353 452 ἔχων
1380 384 1500 437 ’ἔνθεν
1521 387 1716 450 Διόφαν-

275 490 348 518 τον
381 465 452 518 τον
495 465 712 528 Σφήττιον
750 462 858 532 μεθ’
891 461 1065 522 ἑαυτοῦ,
1098 459 1147 518 ὃς
1179 458 1306 525 ἔλεγε
1344 457 1421 520 τῆν
1455 456 1572 519 δίκην
1611 457 1717 534 ὑπὲρ

204 555 258 589 29
274 537 446 602 τούτου,
472 537 550 590 καὶ
577 536 801 612 Δωρόθεον
826 534 900 587 τόν
926 532 1188 585 Ἐλευσίνιον
1213 533 1291 584 καὶ
1319 532 1394 584 τᾶν
1419 529 1611 594 αδελφδν
1635 532 1716 584 αὖ·

274 613 353 665 τοῦ
373 610 607 679 Φιλοχάρη
634 609 713 661 καὶ
739 607 908 666 ἄλλους
931 607 1130 665 πολλοὺς
1152 605 1396 681 μάρτυρας,
1421 619 1716 673 παρακεκλη-

274 685 362 744 κῶς
394 683 542 738 ἐνθένδε
576 681 782 741 σταδίους
813 679 929 740 εύθῦς
957 680 1231 748 τριακοσίους
1259 679 1415 731 ἐκεῖσε·
1444 678 1543 754 περὶ
1570 676 1612 730 δὲ
1639 678 1718 738 τῆς
1735 689 1786 722 15

274 758 437 825 ἐγγύης
475 759 552 819 τῆς
591 758 726 818 τήθης
762 757 847 807 τῶν
884 755 979 808 παῖ
1001 778 1054 806 ων
1087 754 1170 806 τῶν
1204 754 1363 805 ἑαυτοῦ
1403 751 1442 804 ἓν
1483 754 1547 819 τῷ
1580 749 1714 803 ἄστει

272 831 567 906 ἐκμαρτυρίαν
595 862 666 868 -—
695 828 750 888 ὥς
783 847 888 893 φησι
923 859 993 867 ——
1029 827 1294 897 ποιούμενος,
1322 828 1406 877 τῶν
1440 823 1518 895 μὲν
1553 824 1717 877 οἰκείων

571 922 580 940 ¹
601 918 791 956 ταύτομάτου

1259 915 1273 932 ²
1294 914 1418 955 τυχοῦσι

268 987 428 1017 metallica.
449 988 513 1024 Ego
526 985 665 1024 equidem
679 985 736 1014 hoc
746 995 763 1013 e
775 984 843 1013 loeo
853 993 900 1012 me
913 992 973 1012 uon
1006 990 1044 1010 ex
1060 990 1148 1019 agro,
1161 980 1213 1019 qui
1231 979 1345 1018 Pyrrhi
1361 978 1512 1018 quondam
1526 978 1646 1015 suisset,
1660 978 1716 1008 de-

269 1030 412 1068 expedio.
458 1029 607 1058 Caeterum
628 1026 746 1063 colligit
769 1036 786 1055 a
804 1025 915 1055 minori
934 1025 970 1053 ad

269 1074 376 1109 majus,
387 1072 425 1100 ad
436 1071 513 1100 huuc
529 1069 672 1098 modum:
689 1068 736 1097 Ad
749 1078 812 1097 rem
824 1068 971 1097 minutam

269 1115 448 1148 testandam,
458 1113 509 1151 qui
519 1117 612 1142 testes
620 1121 707 1150 quam
720 1110 867 1150 plurimos
879 1109 971 1139 anxie

268 1155 453 1194 conquisivit
466 1155 495 1184 in
512 1164 606 1193 eaque
624 1152 860 1182 sollicitudinem
880 1157 970 1191 utque

268 1198 455 1236 diligentiam
469 1207 557 1236 quam
567 1197 728 1225 maximam
740 1195 970 1229 demonstravit,

269 1251 334 1270 eum
346 1239 494 1269 credibile
506 1248 561 1267 non
576 1242 623 1267 est
635 1238 790 1267 secordern
803 1241 834 1266 et
846 1247 969 1275 segnem

269 1283 298 1311 in
312 1293 344 1311 re
359 1281 490 1320 gerenda
505 1280 612 1310 summi
625 1279 768 1309 momenti
780 1279 884 1308 fuisse.
908 1278 969 1308 Sed

269 1325 347 1354 idem
368 1323 537 1357 Xenocles,
548 1322 600 1360 qui
615 1322 655 1350 ita
671 1331 779 1350 navum
795 1325 826 1349 et
839 1320 969 1349 circum-

271 1372 406 1406 spectum
429 1366 458 1394 in
484 1374 608 1402 operum
632 1369 663 1392 et
683 1371 842 1401 operarum
865 1361 969 1400 inspe-

269 1409 372 1438 ctione
387 1419 419 1438 se
437 1408 541 1445 gessit,
557 1407 587 1435 in
603 1405 765 1444 qua-rende
780 1403 968 1440 testimonio,

269 1462 286 1480 e
303 1453 390 1489 cujus
412 1449 590 1479 auctoritate
617 1452 713 1477 status
734 1446 835 1476 civilis
857 1452 888 1476 et
909 1447 969 1475 for·

268 1497 348 1522 tunae
368 1502 471 1522 omues
492 1491 654 1520 liberorum
678 1499 800 1518 suorum
821 1493 900 1528 aptae
920 1499 968 1518 es,

269 1541 345 1569 sent.
363 1534 555 1564 tumultuarie
573 1539 602 1561 et
620 1531 825 1570 perfunctorie
842 1536 887 1560 est
903 1541 968 1560 vcr-

269 1582 362 1606 :=a'.us.
403 1577 488 1606 Unde
501 1575 648 1612 suspicio,
662 1584 719 1603 uon
733 1574 786 1603 illa
800 1573 969 1612 probabilis

268 1620 369 1655 inodo,
387 1620 439 1648 sed
456 1619 504 1648 vel
521 1617 689 1647 certissima
700 1626 820 1655 quoque
833 1615 968 1651 exsistit,

267 1662 341 1690 illud
373 1660 576 1691 testimonium
614 1656 852 1688 commentitium
889 1668 967 1688 esse.

267 1705 373 1733 lor-:u-

310 1745 373 1784 neg?
389 1748 438 1779 τῆς
454 1743 610 1784 ἑξαγωγῆς]
629 1743 794 1780 Εἱσοιγωγῆς
806 1741 968 1780 adscripsit

268 1789 417 1826 Scaliger,
433 1798 492 1825 qno
510 1787 601 1816 hilum
618 1796 677 1814 non
692 1785 876 1824 proficimus,
912 1783 966 1812 Ni-

267 1830 330 1859 hilo
353 1829 520 1859 dilucidins
546 1828 685 1866 subjecit,
713 1837 800 1865 quam
831 1827 910 1865 quod
937 1826 966 1855 in

269 1873 392 1911 vulgata
413 1878 470 1906 est,
487 1876 517 1900 et
534 1880 652 1905 vereor,
674 1879 710 1898 ne
733 1869 872 1898 deterius
894 1878 966 1907 quo-

269 1924 327 1953 que
355 1914 530 1952 subjecerit.
557 1911 698 1950 ἐξαγωγὴν
732 1912 760 1940 in
801 1911 867 1940 soro
897 1910 968 1939 novi

268 1962 456 1995 usurpatum,
469 1956 566 1985 minus
577 1954 740 1991 εἴσαγωγήν.
764 1953 893 1982 videtur
904 1953 969 1982 haec

268 2009 359 2028 causa
372 1999 475 2028 fuisse.
506 1997 658 2035 Mancipia
677 1995 831 2025 Xenocles
846 1995 875 2023 in
891 1995 969 2023 illud

267 2041 414 2079 praedium
427 2050 480 2069 seu
497 2040 526 2069 in
541 2039 622 2069 illam
635 2039 781 2067 officinam
793 2037 968 2072 immiserat,

267 2088 300 2112 ut
322 2083 372 2122 qni
395 2083 590 2112 contenderet
613 2081 724 2119 Pyrrhi
746 2081 833 2109 lieres
851 2079 969 2108 nomine

267 2126 372 2154 uxoris
386 2135 449 2154 suae
465 2135 543 2154 esse.
579 2124 682 2157 Actor,
697 2122 747 2160 qui
763 2129 887 2160 negaret
901 2122 968 2151 Xe-

267 2168 385 2197 noclem
402 2167 541 2195 heredem
557 2166 676 2203 Pyrrhi,
690 2165 743 2193 sed
761 2174 793 2192 se
805 2164 960 2192 contende-

269 2214 314 2238 ret
338 2218 417 2242 esse,
433 2208 582 2246 mancipia
599 2206 747 2236 Xenoclis
768 2206 839 2235 inde
855 2206 884 2234 vi
906 2215 967 2234 ma-

269 2261 368 2290 nuque
403 2250 582 2280 deduxerat.
629 2249 706 2277 Haec
743 2253 790 2277 est
827 2247 966 2284 ἐξαγωγή.

270 2294 371 2332 Hujus
399 2293 538 2321 volentiae
561 2296 665 2321 contra
689 2301 722 2319 se
747 2293 897 2328 usurpatae
923 2294 967 2318 te-

269 2341 330 2364 stes
352 2336 522 2365 adduxerat
545 2334 710 2363 Xenocles.
754 2334 815 2361 Aut
831 2332 854 2362 si
870 2332 967 2361 mavis

267 2377 407 2416 ἐξαγωγῆν
436 2378 575 2415 accipere
604 2377 642 2405 de
675 2375 887 2413 exportatione
913 2385 966 2403 seu

267 2430 449 2449 annonarum
478 2429 531 2448 seu
565 2419 764 2452 metallorum,
795 2417 965 2446 adduxerat

269 2463 428 2492 Xenocles
452 2471 554 2490 secum
575 2461 700 2490 Athenis
719 2461 838 2488 Thebas
859 2464 965 2493 testes,

267 2510 431 2535 testaturos
444 2505 481 2534 ab
496 2509 597 2532 actore
609 2507 784 2542 exportatas
799 2502 895 2530 fuisse
911 2512 965 2530 sen

267 2557 400 2576 annonas
412 2558 428 2576 e
443 2547 557 2584 praedio
574 2557 625 2575 seu
643 2545 762 2574 metalla
779 2555 818 2573 ex
835 2543 964 2577 officina,

266 2599 334 2628 quae
356 2600 415 2618 non
439 2589 547 2627 ipsius,
561 2588 685 2621 actoris,
705 2588 759 2616 sed
782 2596 845 2621 sua,
862 2586 966 2616 Xeno-

266 2633 334 2666 clis,
350 2636 440 2661 esset.
466 2633 572 2660 lomi.

302 2672 403 2714 Ἠκεν]
427 2675 547 2703 Thebas
563 2677 645 2711 puta.
670 2672 773 2700 ΙοεΜ.

306 2715 408 2756 Ἐνθεν]
431 2716 510 2750 hinc,
525 2715 652 2744 Athenis
671 2724 788 2751 nempe.
813 2714 918 2742 inerr-

304 2758 419 2800 Ἐλεγε]
452 2758 564 2796 Taylor
587 2756 676 2798 ἔλαχε
699 2755 853 2785 suadebat.
899 2755 966 2791 Ego

268 2811 339 2831 vero
354 2802 507 2839 vulgatam
525 2800 640 2829 tuebor.
665 2799 855 2837 Diophantus
870 2797 966 2826 Nico-

265 2844 347 2874 demi
372 2844 535 2873 advocatos
561 2843 669 2876 suerat,
691 2841 818 2879 ejusque
844 2849 965 2868 causam

266 2886 400 2915 oratione
415 2885 601 2915 defenderat.
626 2885 730 2913 loen.

307 2930 361 2959 Τῆν
375 2927 464 2969 δίκην]
489 2928 551 2957 Sed
566 2925 744 2965 quamnam?
768 2925 888 2954 illumne
904 2923 965 2962 περὶ

264 2972 312 3003 τῆς
337 2969 488 3009 ὄξαγυγῆς.
508 2971 547 3000 de
574 2968 792 3006 mancipiorum
816 2966 966 2996 Xenoclis

1006 1023 1162 1059 ductione,
1189 1033 1226 1052 an
1254 1023 1329 1051 hanc
1355 1021 1417 1061 πεςῖ
1443 1021 1494 1050 τοῦ
1519 1022 1628 1061 κλήρου,
1657 1030 1716 1060 qua

1005 1066 1207 1095 contendebat
1223 1064 1382 1094 Xenocles
1395 1074 1521 1093 uxorem
1533 1073 1617 1093 suam
1636 1063 1716 1102 Pyr·

1003 1108 1052 1137 rhi
1068 1108 1159 1137 filiam
1176 1107 1340 1146 legitimam
1353 1117 1448 1146 eoque
1461 1106 1603 1136 heredem
1620 1106 1713 1135 bono-

1003 1160 1071 1180 rum
1086 1152 1154 1189 ejus
1169 1159 1248 1179 esse.
1293 1150 1327 1179 Si
1348 1150 1434 1188 prius
1454 1153 1511 1183 est,
1526 1152 1588 1178 tum
1604 1147 1658 1177 illa
1672 1147 1712 1177 de
1745 1144 1755 1154 ⁸

1004 1203 1162 1222 servorum
1177 1191 1349 1230 dejectione
1369 1191 1448 1221 actio
1473 1190 1610 1220 accessio
1629 1200 1714 1229 qnae-

1004 1235 1071 1263 dam
1095 1234 1153 1263 suit
1179 1244 1278 1263 causae
1303 1232 1456 1273 primariae
1479 1233 1519 1262 de
1542 1232 1711 1262 hereditate

1005 1276 1128 1314 Pyrrhi.
1153 1277 1259 1304 IDEM.
1437 1294 1440 1296 >

1046 1317 1151 1356 Εὐθὺς]
1177 1318 1262 1346 Bene
1278 1316 1305 1345 si
1322 1315 1422 1349 habet,
1438 1314 1520 1354 quod
1536 1315 1597 1350 aio,
1614 1315 1711 1354 signi·

1002 1358 1106 1388 nificat
1125 1359 1303 1397 planissime,
1319 1357 1381 1392 vel,
1402 1362 1436 1386 ut.
1451 1357 1543 1395 vulgo
1565 1362 1711 1397 usurpant

998 1401 1094 1439 plene,
1117 1401 1254 1435 rotunde,
1278 1405 1385 1435 exacte,
1400 1400 1527 1438 praecise.
1549 1400 1622 1430 valle
1646 1402 1711 1430 300

1001 1444 1097 1473 stadia
1113 1441 1200 1483 [full
1213 1445 1277 1474 300
1288 1441 1412 1482 stadia}
1435 1442 1540 1472 Iul-:m

1044 1484 1176 1525 Ἐγγύης]
1209 1486 1246 1515 Id
1274 1489 1330 1520 est,
1355 1483 1524 1522 ἒγγυίισεως.
1549 1484 1631 1514 circa
1655 1484 1710 1514 de-

1003 1529 1195 1567 sponsionem
1217 1529 1283 1566 ejus
1297 1527 1438 1562 soeminae,
1453 1526 1501 1556 vel
1517 1526 1599 1555 circa
1618 1526 1710 1556 ritum

1001 1571 1099 1605 illum,
1135 1580 1194 1609 quo
1231 1569 1362 1607 legitimi
1407 1568 1590 1598 matrimonii
1634 1579 1709 1608 ergo

1002 1613 1155 1652 desponsa
1177 1612 1235 1642 fuit
1260 1613 1362 1641 futuro
1384 1611 1493 1641 marito
1514 1611 1568 1641 illa
1590 1611 1711 1647 mulier,

1002 1665 1069 1694 quae
1103 1655 1269 1684 liberorum
1308 1663 1431 1683 suorum
1466 1653 1534 1683 avia
1565 1660 1624 1688 est,
1655 1663 1710 1684 seu

1003 1697 1108 1727 uxoris
1121 1707 1182 1727 suae
1197 1702 1304 1726 mater.
1325 1697 1430 1726 Iul-:m-

1043 1739 1084 1768 Ἐν
1113 1739 1157 1777 τᾷἕ
1189 1738 1289 1778 ἄστει]
1337 1737 1544 1768 Absurditatis
1583 1736 1709 1766 demon-

1002 1783 1132 1811 stranda:
1156 1791 1230 1820 ergo
1251 1781 1307 1809 hoc
1332 1780 1427 1809 addit.
1482 1780 1657 1809 Praesentes
1675 1779 1708 1808 in

1003 1825 1074 1852 urbe
1103 1824 1281 1853 adducimus
1319 1822 1405 1861 ipsos
1439 1822 1475 1851 ad
1511 1822 1645 1860 judiees,
1674 1826 1709 1851 ut

1004 1874 1104 1895 coram
1135 1866 1212 1904 ipsis
1239 1875 1290 1894 ore
1322 1875 1377 1894 suo
1409 1869 1569 1893 testentur.
1599 1862 1707 1903 ἐκμαρ-

1004 1907 1098 1947 τυςίας
1129 1914 1227 1937 autem
1259 1907 1439 1936 exhibemus
1474 1916 1560 1945 paene
1595 1906 1709 1935 solum-

1003 1952 1093 1980 modo
1116 1950 1153 1979 ab
1178 1951 1250 1980 urbe
1272 1949 1454 1983 absentium,
1472 1948 1570 1978 rarius
1592 1957 1709 1983 eorum,

1003 1994 1066 2031 qui,
1095 2003 1161 2021 cum
1186 1993 1245 2022 sint
1267 1992 1295 2021 in
1322 1993 1409 2026 urbe,
1435 1995 1534 2020 tamen
1558 1994 1611 2020 aut
1631 1991 1707 2029 aegri

1003 2035 1194 2070 decumbant,
1214 2038 1249 2062 ut
1272 2043 1396 2073 surgere
1417 2036 1578 2071 nequeant,
1600 2036 1651 2061 aut
1676 2033 1707 2062 in

1003 2077 1162 2115 procinctu
1184 2076 1243 2105 sint
1264 2076 1382 2105 itineris
1396 2075 1566 2113 longinqui,
1584 2074 1707 2104 dilatio-

1002 2130 1070 2148 nem
1084 2118 1163 2148 haud
1175 2118 1308 2148 serentis.
1333 2118 1426 2156 Atqui
1437 2117 1707 2156 Pyretides,oujus

1001 2161 1171 2191 exhibitum
1196 2161 1292 2190 suerat
1307 2160 1537 2195 ,testimonium,
1552 2160 1605 2189 sed
1629 2158 1706 2188 illud

1001 2205 1186 2240 subjectum,
1203 2212 1300 2240 neque
1316 2204 1353 2231 ab
1366 2202 1440 2231 urbe
1455 2201 1593 2230 abfuerat
1608 2210 1707 2239 neque

1001 2249 1199 2283 aegrotaverat
1228 2254 1326 2283 neque
1355 2254 1388 2273 se
1417 2243 1455 2272 ad
1486 2242 1706 2281 prosectionem

1002 2291 1240 2326 comparaverat.
1286 2287 1348 2315 Cur
1372 2285 1467 2323 igitur
1486 2285 1553 2325 ejus
1575 2285 1705 2315 extesti-v

1001 2330 1133 2359 monium
1150 2329 1359 2366 proferebant?
1382 2328 1512 2363 Rursus,
1525 2327 1706 2357 extestimo-

1002 2372 1083 2401 nium
1109 2372 1134 2400 si
1158 2377 1237 2400 esset
1253 2371 1469 2405 exhibendum,
1485 2380 1610 2399 necesse
1629 2374 1706 2405 erat,

1001 2419 1033 2443 ut
1059 2415 1124 2451 ejus
1147 2413 1370 2451 consignationi
1392 2417 1488 2442 testes
1510 2412 1705 2447 interessent,

999 2461 1029 2485 et
1059 2467 1146 2495 quam
1171 2456 1306 2495 plurimi,
1329 2460 1360 2485 et
1383 2455 1441 2484 viri
1463 2459 1610 2493 spectatae
1633 2454 1706 2484 fidei

1000 2505 1030 2527 et
1057 2498 1206 2537 imprimis
1231 2497 1393 2527 familiares
1416 2502 1506 2535 atque
1530 2496 1704 2530 necessarii,

1000 2541 1050 2579 qui
1074 2541 1230 2579 judicibus
1253 2545 1394 2569 auctores
1419 2545 1532 2574 esseut,
1554 2548 1622 2568 cum
1647 2547 1703 2567 ex-

1000 2583 1204 2612 testimoninm
1236 2582 1477 2611 conscriberetur
1511 2581 1538 2609 in
1574 2579 1700 2618 gratiam

1001 2626 1185 2659 exhibentis,
1201 2635 1233 2654 se
1249 2625 1442 2659 interfuisse;
1459 2627 1490 2652 et
1506 2623 1602 2657 illum,
1615 2623 1702 2660 cujus

1001 2668 1118 2697 nomine
1135 2667 1207 2697 illud
1219 2666 1465 2697 extestimonium
1478 2665 1702 2702 perhiberetur,

1000 2710 1052 2739 illa
1073 2720 1179 2739 revera
1200 2709 1359 2746 scripsisse
1383 2713 1435 2736 aut.
1458 2706 1617 2736 scribenda
1635 2707 1703 2743 jus-

1001 2753 1089 2787 sisse,
1115 2762 1183 2790 qnoe
1209 2752 1238 2780 in
1265 2750 1316 2779 illo
1347 2748 1562 2780 extestimonio
1587 2749 1702 2787 scripta

999 2799 1120 2830 essent;
1144 2805 1182 2823 ne
1198 2803 1257 2832 qua
1272 2794 1351 2822 fraus
1367 2791 1563 2822 interveniret
1577 2791 1608 2820 in
1620 2791 1701 2828 ejus-

999 2837 1081 2866 modi
1102 2837 1214 2870 causis,
1232 2836 1261 2864 in
1284 2836 1393 2874 quibus
1415 2835 1529 2872 absque
1551 2833 1604 2862 illa
1623 2842 1702 2871 proe·

999 2879 1136 2909 cautione
1151 2878 1326 2908 facillimum
1349 2877 1458 2915 cuique
1482 2876 1593 2905 suisset
1616 2875 1701 2914 quic-

999 2922 1071 2960 quid
1089 2921 1181 2950 vellet
1206 2920 1391 2949 comminisci
1412 2924 1442 2948 et
1462 2919 1624 2956 subjicere.
1646 2917 1700 2947 sed

1000 2965 1104 2993 horum
1120 2962 1191 2992 nibil
1205 2963 1319 2992 fecerat
1330 2961 1498 2993 Xenocles.
1520 2961 1627 2991 lenm.
