1981 3255
631 194 713 234 AD
747 190 1100 233 LYCURGUM.

1499 194 1579 234 369

202 303 444 346 Orationum,
464 312 558 350 quas
580 299 733 348 scripsit
755 300 951 357 Lycurgus
975 299 1189 348 (scripsisse
1210 306 1336 337 autem
1354 300 1578 349 perhibetur

150 362 268 410 XV.)‚
287 364 300 382 ⁶
315 374 387 400 una
402 367 546 398 tantum
569 358 681 396 hodie
699 364 887 408 superest,
900 371 1016 408 quam
1037 358 1161 408 legere
1175 358 1326 407 incipis:
1349 361 1575 410 reliquarum

146 424 244 461 enim
263 435 372 460 omne
390 421 468 459 fere
483 420 632 463 interiit>
646 426 788 470 praeter
804 419 969 457 ηοιιιίιιῑι6
987 425 1025 456 et
1044 418 1289 456 desiderium.
1320 419 1412 457 Eam
1429 422 1573 469 utique,

146 509 357 538 sublimitatem
380 506 536 536 adscendit
556 505 612 546 (cf.
635 515 702 543 cap.
720 508 767 534 11.
789 507 840 534 12.

144 550 223 590 37.).
237 550 312 580 Dein
326 549 463 579 laudatur
471 550 509 578 ob
518 547 682 588 σεμνότητα
697 547 840 577 orationis

145 593 169 622 i.
191 603 219 622 e.
232 594 417 632 gravitatem,
431 601 489 631 qua
513 592 545 620 fit
566 591 665 629 ampla
686 595 716 619 et
736 599 842 629 magna

145 635 288 670 elocutio,
306 645 335 664 v.
350 645 377 664 c.
402 635 426 664 si
443 634 510 673 quis
525 634 614 663 docet
630 634 668 662 de
682 634 773 662 rebus
796 632 841 661 di-

145 676 239 711 vinis,
257 678 295 706 de
311 676 472 707 virtutibus
487 681 516 706 et
532 675 626 711 vitiis,
642 676 680 704 de
698 675 840 713 praeclnre

145 718 296 749 hominum
325 720 426 755 factis,
447 724 478 748 et
500 719 620 757 quidem
651 719 713 747 liaec
742 717 842 746 omnia

146 771 214 792 cum
232 768 314 791 certa
325 761 559 795 asseveratione,
574 771 640 799 quae
656 770 772 789 ornnem
785 760 840 789 du-

145 804 321 834 bitationem
346 804 493 834 excludit.
534 803 639 833 Talem
665 803 758 832 fuisse
783 803 841 840 Ly-

100 848 106 854 '
145 857 272 886 curgum
294 852 357 877 tota
380 847 473 876 docet
494 845 617 882 Orati03
639 855 699 883 qua
721 845 842 884 quidem

147 888 294 928 gravitate
319 891 477 929 conjuncta
502 899 570 918 esse
594 888 672 917 solet
695 886 843 928 παῤῥησία,

146 941 234 970 quam
250 933 289 961 ob
310 942 373 962 reru
390 932 519 970 Dionys.
542 930 776 970 παῤῥησιαστικόν
790 940 843 959 vo-

145 980 195 1004 cat
212 975 390 1014 Lycurgum.
433 975 478 1004 Ea
492 973 620 1003 oratoris
636 973 732 1002 virtus
748 975 843 1002 oritur

145 1016 275 1046 maxime
303 1028 320 1047 e
351 1016 463 1066 spiritu
493 1021 524 1045 et
557 1016 756 1051 vehementia,
787 1025 842 1044 nec

145 1060 244 1088 minus
259 1069 276 1089 e
299 1059 483 1089 conscientia
497 1057 583 1093 recti,
606 1058 695 1087 animi
712 1058 843 1096 vitaeque

145 1100 331 1139 integritate.
370 1103 458 1132 Hanc
473 1110 564 1131 vocem
585 1101 701 1130 liberam
724 1105 758 1130 ut
777 1100 843 1130 Cic.

147 1144 185 1172 ad
201 1143 334 1176 Herenn.
350 1145 406 1174 1v.
421 1146 471 1175 37.
486 1153 551 1173 eam
566 1143 698 1182 appellat
713 1142 842 1172 oratoris

146 1185 260 1221 dotem,
284 1187 443 1226 Lycurgus
470 1191 500 1215 et
527 1184 759 1219 Demosthenes,
784 1184 842 1214 viri

144 1227 341 1267 integerrimi,
362 1239 425 1267 prae
441 1238 474 1257 se
489 1227 589 1257 serunt
610 1227 721 1266 insigni
741 1227 842 1256 modo.

145 1270 265 1308 Quibus
278 1271 420 1301 laudibus
445 1270 573 1310 aliquam
590 1269 840 1309 vituperationem

143 1313 300 1348 admiscet,
323 1315 393 1343 dum
420 1312 505 1348 dicit,
543 1312 571 1342 οὐ
602 1314 657 1352 μὴν
680 1313 751 1342 ἐστ.
781 1310 840 1341 οὐδε

142 1355 216 1391 ἡδὺς,
233 1355 300 1385 ἀλλ’
323 1357 481 1395 ἀναγκαῖος,
497 1355 518 1385 i.
535 1366 562 1385 e.
582 1356 640 1384 suit
655 1356 766 1385 Orator
790 1364 842 1384 nec

141 1399 283 1435 urbanus,
297 1409 349 1429 uec
370 1400 475 1433 suavis,
497 1398 544 1429 sed
564 1399 596 1427 in
613 1399 777 1428 necessariis
797 1407 840 1426 so-

143 1440 204 1470 lum
230 1448 394 1480 occupatus.
429 1442 561 1480 Nempe,
590 1441 640 1479 qui
671 1441 782 1470 urbano
811 1443 841 1469 et

143 1483 229 1513 suavi
258 1494 367 1523 genere
388 1489 523 1518 utuntur,
541 1483 703 1512 orationem
724 1488 842 1519 ornant,

141 1525 312 1565 habentque
334 1527 480 1566 quandam
501 1526 708 1555 abundantiam
730 1531 760 1555 et
790 1536 840 1554 co-

143 1568 243 1606 piam;
271 1571 426 1608 Lycurgus
443 1572 540 1598 autem
563 1579 621 1597 non
644 1568 722 1597 ultra
737 1578 841 1597 neces-

144 1612 225 1641 saria
239 1612 386 1651 procedit,
405 1611 500 1650 magis
527 1611 618 1640 rebus
636 1621 722 1648 quam
741 1610 841 1639 verbis

141 1653 289 1684 intentus.
349 1655 400 1684 Sic
425 1654 511 1692 expl.
548 1653 669 1682 Ernesti
713 1653 840 1693 (Lexic.

141 1696 288 1726 Technol:
309 1697 401 1726 Rhet.
428 1696 485 1727 Gr.
502 1707 531 1725 v.
555 1693 737 1735 Ἀναγκαῖος)
765 1696 839 1725 Dio-

141 1739 221 1777 nysii
236 1739 362 1769 dictum.
406 1739 445 1768 Id
462 1737 608 1777 judicium
630 1748 717 1776 quam
737 1748 839 1767 verum

143 1781 198 1817 eit,
219 1782 410 1821 cognoscitur
437 1792 454 1811 e
476 1780 698 1819 comparatione
720 1781 840 1810 Nostrae

140 1834 211 1854 cum
223 1824 435 1855 Demosthenis
447 1823 646 1860 orationibus,
657 1834 685 1852 v.
698 1835 724 1853 c.
740 1824 840 1852 Timo-

141 1871 244 1897 cratea
275 1867 323 1897 vel
353 1866 484 1896 omnium
518 1866 765 1905 praestantissima
803 1867 841 1895 de

141 1909 272 1940 Corona.
330 1910 408 1946 Quae
434 1910 572 1947 Lycurgo
599 1909 708 1937 desunt
737 1909 840 1937 condi-

141 1957 243 1983 menta
258 1952 400 1982 orationis
412 1952 543 1986 urbanae,
557 1951 601 1980 ibi
617 1951 723 1989 quavis
739 1961 841 1980 earum

142 2002 230 2032 parte
246 1994 323 2023 ultro
346 1994 469 2023 lectoris
494 1994 591 2022 animo
613 2004 644 2022 se
669 1993 841 2023 ostendunt.

142 2035 365 2075 Hermogenem
382 2035 479 2065 minus
491 2035 672 2064 delectatum
689 2045 756 2064 esse
767 2037 843 2065 Ora-

141 2077 275 2109 tionibus
292 2079 407 2113 Nostri,
421 2082 546 2118 apparet
569 2088 608 2107 ex
630 2078 696 2115 ejus
718 2087 843 2107 censura

143 2120 310 2150 acerbiore.
355 2121 441 2150 Inter
469 2121 613 2150 Oratores
643 2119 758 2149 Civiles
780 2121 842 2158 Ly-

143 2173 238 2202 curgo
252 2163 440 2193 solummodo
464 2163 572 2192 tribuit
594 2163 693 2191 locum
719 2167 842 2201 propter

144 2205 277 2244 ἀφιλείαν
290 2205 384 2241 ἤθους,
405 2205 426 2236 i.
446 2215 474 2235 e.
493 2206 526 2235 ob
547 2205 768 2244 simplicitatem,
783 2215 841 2245 qua

144 2246 291 2278 hominum
319 2259 405 2278 mores
437 2249 563 2278 oratione
590 2247 786 2278 deliueaverit.
802 2248 841 2279 cf.

144 2289 292 2330 Hermog.
309 2291 346 2320 de
362 2292 447 2321 form.
460 2291 513 2320 Or.
523 2291 569 2320 ΙΙ.
584 2301 615 2329 p.
629 2293 701 2320 208.
713 2290 840 2329 Dionys.

142 2332 249 2364 Halic.
259 2334 325 2364 Art.
335 2334 426 2364 Rhet.
442 2343 470 2363 c.
485 2334 532 2363 11.
549 2335 580 2364 2
611 2333 673 2362 Sed
689 2333 839 2372 composi-

141 2374 223 2406 tione
244 2375 415 2417 τραχύτερον
436 2386 503 2406 esse
521 2376 589 2415 ipso
605 2376 757 2406 Dinarcbo
780 2381 841 2405 sta-

142 2418 211 2448 tuit.
226 2420 353 2468 Τςιχυν
353 2419 400 2449 καὶ
414 2417 528 2458 σκληρὸν
543 2423 644 2454 vocat,
655 2419 677 2449 i.
692 2429 720 2448 e.
731 2420 840 2448 durum

141 2465 182 2491 et
179 2471 328 2501 αερει-ιυη,
343 2461 493 2501 imprimis
509 2466 635 2500 propter
649 2461 840 2491 immodicum

141 2504 383 2544 metaphorarum
403 2514 507 2542 usum3
536 2513 623 2542 quam
646 2504 840 2543 compositio-

143 2554 210 2576 nem
223 2546 410 2588 proesractam
431 2552 458 2576 et
471 2556 599 2585 asperam
621 2551 710 2576 vocat
729 2548 840 2576 Seneca

144 2587 246 2639 Epist.
255 2592 327 2619 114.
343 2589 438 2630 (Lyc.
453 2592 505 2619 10.
515 2591 545 2619 5.
560 2591 611 2618 11.
624 2590 652 2617 8.
669 2587 788 2618 Porro'
778 2599 840 2618 επι-

142 2631 296 2667 μέλειιινθί
307 2631 438 2662 defuisse
450 2631 606 2661 contendit
616 2631 740 2661 Rhetor.
762 2631 840 2661 Hrec

145 2673 280 2704 Oratoris
292 2674 400 2709 virtus,
411 2684 478 2713 quae
489 2673 638 2713 imprimis
649 2673 777 2703 Isocrati
789 2675 840 2704 tri-

145 2714 247 2745 buitur
255 2717 419 2756 (Hermog.
427 2716 488 2756 περὶ
498 2717 596 2754 δεικρ.
605 2716 699 2755 364.)
709 2716 841 2746 cernitur

146 2757 177 2786 in
186 2763 326 2788 accurata
337 2759 450 2789 dicendi
459 2757 584 2799 forma,·
600 2758 626 2788 si
642 2759 710 2798 quis
723 2764 840 2790 semen-

146 2798 205 2828 tias
213 2801 367 2830 commode
375 2802 483 2840 jungit,
491 2812 539 2830 res
549 2806 649 2840 gestas
656 2806 686 2830 et
697 2802 839 2831 sactnuon

147 2840 228 2870 nude
241 2842 379 2880 exponit,
390 2844 445 2872 sed.
458 2853 524 2872 cum
539 2853 666 2874 censura
680 2843 751 2879 loci,
764 2848 840 2872 tein-

149 2892 253 2923 pomm
277 2886 439 2920 notatione,
458 2890 519 2916 etc.
533 2886 675 2916 enuntiat.
697 2886 794 2935 (Lyc.
810 2897 838 2915 c.

146 2927 197 2956 23
202 2923 216 2965 )
231 2924 300 2955 Ad
293 2927 433 2957 incuriam
447 2938 580 2980 quoque
577 2928 606 2958 in
611 2928 839 2980 compositione

147 2967 213 3006 ipsa
228 2968 332 2998 referri
347 2973 449 3010 potest
463 2968 496 2998 τό
510 2970 596 3010 χωρὶς
610 2969 786 3009 ἐπιμελείας,
798 2971 836 3001 ad

875 514 960 543 quam
974 515 1001 533 c.
1014 507 1064 533 11.
1079 508 1129 534 11.
1140 506 1204 535 c.9.
1219 508 1248 533 1.
1258 509 1315 534 etc.
1330 510 1476 542 spectant,
1487 512 1515 535 et
1528 508 1576 536 cui

876 547 938 576 sine
957 547 1050 576 dubio
1066 547 1276 585 Hermogenes
1293 548 1506 577 annumerabat
1521 559 1573 587 pe-

875 590 977 618 riodos
994 589 1161 628 saepissime
1177 599 1245 619 voc.
1267 588 1361 619 Καίτοι
1377 589 1575 629 incipientes;

875 632 984 670 quibus
1008 632 1103 660 naevis
1124 631 1154 660 in
1181 637 1331 661 structura
1357 632 1498 662 orationis
1515 632 1575 671 Ly-

874 685 985 711 curgus
1010 674 1137 704 similior
1165 674 1197 703 fit
1214 675 1376 708 Dinarcho,
1398 685 1484 713 quam
1514 676 1575 704 De-

875 717 1022 746 mostheni
1050 717 1097 746 vel
1117 716 1230 756 Lysiae.
1253 718 1327 746 Mox
1350 716 1576 756 τςοωικωτέξους

875 763 975 795 vocat,
1000 759 1020 789 i.
1036 769 1063 788 e.
1092 759 1262 798 metaphoris
1289 760 1384 789 uimiae
1409 764 1477 789 suut
1512 762 1575 799 ejus

875 803 1025 838 orationes,
1040 802 1103 831 sive
1120 802 1270 839 figuratam
1288 802 1467 831 locutionem
1487 813 1574 841 quam

874 844 1004 874 maxime
1030 849 1119 873 amat.
1143 845 1177 873 ld
1199 845 1299 883 ipsum
1327 845 1460 884 profecto
1484 855 1575 884 agno-

876 887 987 917 scimus
1015 887 1044 916 in
1075 897 1132 916 una
1156 888 1320 926 superstite
1351 887 1506 922 Oratione,
1535 898 1574 918 ex

875 940 934 969 qua
945 930 1174 969 Hauptmannus
1191 930 1296 959 sedulo
1310 929 1434 968 collegit
1447 929 1574 969 τξόπους,

876 973 986 1011 quibus
1006 972 1136 1010 scriptor
1151 971 1225 1001 usus
1243 972 1293 1001 sit.
1340 974 1573 1002 Demosthenem

877 1026 948 1045 vero
969 1014 1115 1044 orationis
1133 1015 1190 1044 vim
1215 1020 1245 1044 et
1269 1014 1447 1053 gravitatem
1464 1025 1502 1044 ex
1526 1016 1573 1044 his

876 1058 980 1097 figuris
997 1068 1054 1087 non
1075 1057 1251 1095 quaesivisse
1276 1063 1405 1092 constat,
1431 1058 1500 1086 dum
1523 1068 1574 1087 na-

877 1104 943 1129 tura
959 1111 1012 1129 sua
1026 1100 1151 1129 alienior
1167 1099 1223 1129 fuit
1237 1100 1274 1128 ab
1292 1101 1345 1129 hac
1363 1100 1481 1138 poetica
1493 1110 1574 1130 com-

875 1142 1036 1181 positione.
1061 1142 1156 1171 Porro
1177 1142 1308 1181 graviter
1322 1148 1352 1172 et
1374 1142 1479 1172 merito
1494 1143 1574 1173 vitu-

876 1190 962 1223 perat
989 1185 1172 1223 Lycurgum.
1201 1185 1236 1217 ὡς
1264 1186 1439 1225 καταδξσμῆν
1471 1184 1574 1227 ἔχοντα,

875 1230 930 1256 τῶν
947 1226 1180 1265 ἀποδεδειγμένων
1201 1228 1390 1266 mamad-ram
1412 1228 1432 1257 i.
1449 1239 1475 1258 e.
1500 1230 1575 1268 quod

875 1270 1021 1299 interdum
1037 1276 1163 1299 revertat
1176 1270 1214 1299 ad
1230 1279 1273 1298 res
1279 1281 1345 1308 jam
1361 1271 1575 1301 demonstratas.

877 1311 967 1348 Quod
999 1312 1067 1341 item
1097 1312 1125 1341 in
1163 1313 1308 1341 Oratione
1338 1318 1439 1342 nostra
1467 1313 1574 1343 lectori

875 1355 1061 1393 displicebit,
1088 1360 1117 1384 et
1139 1355 1290 1384 interdum
1307 1365 1446 1385 nauseam
1461 1356 1574 1385 excita-

875 1397 928 1426 bit.
973 1398 1110 1437 Denique
1125 1397 1294 1436 improbare
1310 1398 1432 1427 videtur
1450 1398 1576 1434 Rhetor,

874 1440 952 1478 quod
970 1440 1126 1479 Lycurgus
1145 1440 1248 1469 multis
1273 1440 1513 1479 digressionibus
1536 1442 1574 1471 ad

874 1483 990 1512 fabulas
1016 1489 1045 1512 et
1074 1483 1228 1517 historias,
1255 1483 1292 1512 ad
1319 1493 1425 1513 versus
1454 1494 1574 1522 quoque

875 1527 1010 1563 poeticos
1026 1526 1066 1555 sit
1077 1526 1207 1561 delatus,
1217 1527 1298 1564 quod
1308 1526 1426 1565 quidem
1440 1527 1573 1565 speciem

874 1569 1022 1605 quandam
1048 1569 1226 1607 eloquentiae
1251 1570 1397 1607 praebeat,
1426 1570 1478 1600 sed
1502 1580 1574 1598 vere

874 1610 983 1639 nullam
1001 1611 1128 1640 orationi
1146 1611 1205 1639 vim
1229 1619 1258 1640 et
1282 1612 1457 1650 gravitatem
1479 1611 1573 1653 (δεινό-

874 1654 966 1692 τητα.)
993 1653 1108 1683 afferat.
1168 1654 1258 1690 Quod
1294 1654 1481 1683 verissimum
1506 1660 1572 1684 est:

874 1696 1027 1733 namquid
1052 1695 1081 1725 in
1104 1696 1216 1725 Nostro
1244 1696 1382 1732 Homeri,
1408 1696 1574 1736 Euripidis,

874 1738 987 1775 Tyrtaei
1003 1743 1152 1777 poemata,
1164 1738 1290 1767 recitata
1300 1740 1336 1767 ab
1351 1740 1572 1778 Oratore,quid

875 1782 995 1810 tandem
1013 1781 1121 1811 sabutae
1145 1782 1182 1810 de
1205 1781 1319 1816 Codro,
1331 1782 1370 1811 de
1388 1782 1447 1811 filia
1459 1783 1574 1812 Erech-

876 1823 937 1852 thei
952 1829 1010 1853 etc.
1026 1825 1063 1853 ad
1079 1834 1140 1853 rein
1155 1824 1338 1862 probandam
1353 1824 1474 1859 faciant,
1489 1825 1574 1864 equi-

875 1866 942 1895 dem
959 1876 1016 1895 non
1034 1866 1134 1895 video.
1163 1866 1242 1904 Quid
1257 1867 1266 1895 ?
1289 1867 1321 1896 Si
1339 1868 1574 1897 Demosthenem

875 1908 1001 1946 inspicis
1015 1920 1021 1938 :
1046 1909 1150 1938 Poetae
1166 1919 1271 1938 versus
1286 1910 1379 1938 semel
1395 1915 1518 1945 tantum,
1531 1912 1574 1940 fa-

876 1951 952 1979 bulae
967 1961 1004 1979 ex
1022 1951 1198 1990 antiquitate
1209 1952 1397 1990 depromptae
1413 1962 1574 1990 nunquam,

875 1993 1010 2022 liistoriae
1032 2004 1105 2023 vero
1126 1993 1181 2023 tibi
1208 1998 1270 2022 tum
1289 1994 1378 2022 modo
1403 2001 1574 2030 occurrunt,

876 2045 966 2073 quum
983 2036 1094 2065 Orator
1112 2046 1212 2064 rerum
1231 2036 1451 2075 praeteritarum
1469 2038 1573 2067 merni-

876 2077 957 2106 uisse
972 2078 1124 2107 auditores
1140 2078 1271 2107 volebat.
1307 2079 1405 2108 Tanta
1415 2079 1491 2109 enim
1509 2084 1574 2109 erat

876 2120 905 2149 in
926 2130 1042 2149 summo
1061 2121 1127 2149 viro
1148 2120 1238 2159 copia
1254 2121 1479 2158 sententiarum,
1492 2128 1574 2152 tauta

875 2167 1130 2201 argumentorum,
1146 2163 1255 2202 quibus
1279 2174 1333 2193 sua
1348 2165 1500 2202 probavit,
1516 2165 1571 2195 ali-

876 2215 958 2235 orum
982 2206 1150 2239 confutavit
1174 2206 1311 2242 consilia,
1334 2207 1524 2243 abundantia,
1540 2212 1573 2238 ut

876 2248 1026 2286 ejusmodi
1056 2249 1282 2285 delectamentis
1307 2254 1427 2288 tempus
1443 2251 1570 2280 orationi

874 2291 1054 2329 praefinitum
1079 2292 1209 2330 perdere
1234 2302 1289 2321 nec
1313 2292 1406 2322 vellet
1429 2303 1483 2323 nec
1502 2304 1572 2333 pos-

875 2338 930 2362 set.
947 2334 1062 2364 —Jam
1084 2334 1110 2363 si
1133 2333 1363 2373 complectimur
1381 2336 1491 2372 omnia,
1512 2336 1572 2375 Ly-

874 2386 985 2415 curgus
1001 2377 1121 2416 quidem
1137 2382 1184 2406 est
1199 2378 1368 2415 probabilis
1383 2380 1504 2414 Orator,
1518 2379 1573 2408 sed

874 2419 1000 2448 multum
1033 2419 1126 2449 distat
1154 2429 1171 2448 a
1196 2420 1423 2459 Demosthene;
1459 2431 1573 2457 verum,

874 2472 940 2500 quae
954 2462 1067 2500 ingenii
1079 2463 1166 2491 dotes
1183 2461 1210 2490 ei
1221 2462 1356 2498 deerant,
1365 2464 1418 2493 lias
1431 2474 1573 2502 compen-

875 2505 953 2533 savit
977 2504 1159 2544 φιλαληὲείᾳ,
1183 2503 1339 2544 σεμνότητι
1365 2511 1395 2536 et
1423 2506 1571 2547 παῤῥησίᾳ,

876 2547 1049 2583 virtutibus,
1067 2557 1133 2586 quae
1160 2547 1208 2576 vel
1235 2548 1363 2578 maxime
1384 2550 1574 2578 commenda-

875 2589 948 2618 bunt
970 2591 1092 2628 publice
1118 2589 1300 2627 loquentem,
1324 2590 1368 2620 sic
1391 2596 1423 2620 ut
1452 2591 1493 2626 hi,
1521 2591 1573 2630 qui

875 2632 965 2661 hodie
990 2632 1027 2661 ad
1057 2632 1203 2671 Populum
1228 2632 1394 2663 docendum
1414 2634 1574 2673 prodeunt,

875 2674 900 2703 si
916 2673 965 2703 his
981 2674 1071 2704 modo
1087 2675 1249 2704 virtutibus
1263 2676 1358 2705 ornati
1371 2681 1451 2711 sunt,
1465 2676 1571 2705 certis-

875 2716 947 2746 sime
969 2727 1035 2747 cum
1066 2717 1166 2747 fructu
1197 2722 1228 2746 et
1257 2718 1362 2757 plausu
1399 2717 1568 2748 auditorum

876 2760 970 2788 verba
983 2760 1044 2790 sint
1059 2760 1177 2789 facturi.
1201 2760 1373 2799 Bnexmn]

916 2801 929 2819 ⁵
953 2800 1108 2831 Plutarch.
1139 2813 1168 2841 p.
1188 2805 1260 2833 843.
1277 2803 1312 2832 C.
1346 2802 1474 2832 Photius
1492 2801 1569 2831 Cod.

873 2844 1212 2874 CCLXV111.Suidas
1231 2849 1337 2875 contra
1359 2855 1426 2874 voc.
1453 2844 1571 2882 Δυκοῦς·

873 2897 920 2924 701,-
935 2886 1026 2916 XIV.
1041 2888 1138 2917 Oratt.
1151 2892 1304 2917 memorat.

914 2927 928 2947 ⁶
949 2929 1044 2970 [Vide
1068 2930 1248 2968 Fragmenta
1271 2929 1402 2967 Lycurgi
1422 2927 1490 2957 huic
1506 2927 1571 2956 edi-

872 2971 946 3001 tioni
963 2972 1186 3010 Lycurgearum
1201 2981 1325 3000 annexa.
1349 2971 1496 3000 chxizn.
1502 2969 1515 3009 Ἰ

841 3021 860 3047 3
879 3024 896 3044 a
