1981 3255
306 220 383 260 ‚36⁴2
904 217 1022 258 HEY
1031 217 1066 257 N
1076 218 1117 258 II

304 332 402 368 enda
431 338 467 368 et
489 330 725 375 illustranda,
745 330 791 367 ad
814 330 1013 368 historicas
1033 331 1276 368 difficultates
1303 336 1341 367 et
1369 330 1624 367 obscuritates
1649 331 1720 367 tol-

304 391 446 437 lendas,
463 391 731 429 transferatur:
763 391 877 428 multa
901 391 998 427 enim
1029 391 1066 428 in
1096 391 1153 428 his
1173 404 1196 428 a.
1215 391 1388 428 lectionis
1409 391 1565 428 veritate
1588 396 1625 427 et
1645 402 1721 427 ser-

304 452 425 489 monis
455 452 639 489 severiore
659 464 703 488 ac
724 451 918 488 subtiliore
939 450 1067 487 studio
1087 457 1173 488 sunt
1193 452 1393 488 ducenda:
1424 452 1506 488 haec
1535 450 1722 487 solidioris

304 513 491 550 doctrinae
513 513 739 550 monimenta
759 523 933 560 campum
962 511 1136 559 aperiunt
1160 512 1392 555 latissimum,
1413 512 1555 549 criticae
1586 510 1721 548 litteris

304 585 348 610 ac
369 572 576 622 disciplinis
595 573 802 610 fructuosae
822 571 869 607 ad
897 571 1049 608 notitias
1068 571 1105 608 in
1126 572 1236 608 variis
1258 572 1498 609 scientiarum
1519 572 1722 621 generibus

305 646 350 671 ex
382 633 604 683 antiquitate
638 631 908 682 procurandas,
940 633 975 667 in
1009 631 1164 668 historia
1202 632 1383 681 imprimis
1421 639 1579 677 naturae,
1611 631 1722 679 cujus

304 693 584 743 locupletandae
619 693 717 730 haud
745 705 839 728 vana
869 704 952 740 spes
986 691 1072 728 inde
1109 691 1306 730 illucescit.
1369 692 1465 729 Nam
1498 700 1538 729 ut
1571 693 1723 730 critices

305 766 413 791 usum
435 754 470 790 in
492 754 595 790 libris
617 753 732 790 sacris
757 758 795 788 ct
821 752 857 788 in
885 751 1272 801 legibusjuribusque
1294 752 1476 789 Romanis
1498 764 1726 789 commemo-

305 825 397 858 rem,
416 813 481 849 vix
500 825 653 850 necesse
674 818 753 854 est;
784 824 860 861 quo
884 812 967 860 ipso
981 811 1061 860 jam
1084 812 1172 848 satis
1193 824 1231 849 se
1253 812 1368 849 studii
1388 812 1524 856 critici,
1545 818 1647 848 recte
1669 812 1723 849 in-

305 873 439 917 stituti,
461 872 679 921 praestantia
698 871 936 921 approbavit.

357 933 569 970 Secundum
592 933 672 969 haec
693 932 845 969 habebo
865 932 994 982 utique
1016 933 1053 969 in
1074 933 1184 978 votis,
1204 939 1246 970 ut
1265 933 1289 970 ii
1315 932 1402 982 ipsi,
1425 910 1489 982 qui
1515 932 1659 970 criticae
1686 931 1724 969 in

305 993 558 1043 scriptoribus
579 993 748 1030 classicis
770 993 989 1030 exercendae
1019 1006 1057 1029 se
1083 994 1300 1042 accingunt,
1323 1005 1397 1030 non
1423 993 1546 1042 primo
1573 993 1658 1030 loco
1684 992 1723 1030 id

304 1054 379 1091 sibi
399 1054 637 1104 propositum
658 1054 834 1099 habeant,
855 1059 898 1090 ut
917 1053 1008 1090 vitia
1027 1054 1201 1090 lectionis
1221 1054 1401 1104 indagent
1427 1059 1466 1090 et
1492 1066 1619 1090 earum
1642 1059 1723 1090 tan-

304 1128 416 1165 quam
438 1115 580 1153 cubilia
601 1115 849 1164 investigent;
881 1121 1036 1164 praestat
1055 1115 1155 1152 haud
1175 1115 1290 1152 dubie
1315 1116 1351 1152 in
1375 1114 1667 1165 interpretandis
1686 1119 1724 1152 et

303 1176 540 1213 excutiendis
560 1178 784 1226 scriptorum
807 1176 1001 1213 sententiis
1019 1175 1210 1225 rebusque
1229 1176 1559 1226 expositisjudicii
1573 1188 1721 1213 omnem

303 1236 376 1274 vim
407 1238 618 1284 intendere,
649 1238 846 1274 notionum
877 1243 915 1274 et
948 1238 1165 1274 notitiarum
1193 1238 1326 1286 copias
1358 1238 1445 1274 inde
1474 1237 1720 1287 locupletare,

303 1300 470 1349 digerere
491 1306 528 1337 et
546 1306 649 1337 recte
670 1299 923 1341 constituere;
947 1299 1053 1346 sique
1075 1299 1173 1334 inter
1193 1298 1276 1334 haec
1297 1311 1362 1335 seu
1383 1297 1525 1334 librarii
1547 1309 1611 1333 seu
1631 1296 1722 1333 scri-

302 1360 421 1411 ptoris
448 1360 537 1398 vitia
563 1367 602 1397 et
627 1373 776 1397 errores
804 1358 1019 1403 inciderint,
1043 1358 1079 1394 in
1101 1358 1145 1395 iis
1167 1358 1527 1402 animadvertendis,
1550 1356 1726 1394 notandis

303 1426 341 1457 et
370 1420 615 1457 emendandis
649 1431 809 1457 acumen
841 1417 1048 1461 adliibere;
1089 1418 1161 1455 hoc
1195 1424 1252 1456 est
1290 1417 1380 1455 illud
1416 1417 1724 1454 emendationum

302 1493 434 1530 genus,
455 1480 559 1530 quod
581 1480 727 1518 laudem
746 1492 867 1517 veram
887 1485 924 1515 et
944 1479 1102 1515 solidam
1129 1479 1257 1516 habet.
1313 1479 1419 1515 Alius
1439 1478 1593 1515 critices
1617 1477 1725 1514 adhi—

302 1541 595 1578 bendae'modus
620 1548 677 1577 est
699 1538 1026 1577 commendatione
1046 1539 1183 1588 dignus
1199 1539 1235 1576 in
1255 1538 1425 1589 paranda
1444 1550 1540 1575 nova
1560 1538 1725 1575 recensi-

301 1615 387 1649 one,
401 1615 522 1652 eaque
538 1602 1014 1647 emendatiore‚auctorum
1029 1607 1196 1638 veterum
1210 1616 1219 1646 ;
1247 1601 1441 1650 multoque
1457 1599 1598 1648 majore
1612 1599 1726 1637 laude

301 1662 437 1712 dignus
460 1670 518 1699 est
544 1662 754 1706 habendus,
835 1660 968 1698 critica
998 1673 1070 1696 non
1091 1661 1207 1698 modo
1227 1661 1264 1697 in
1284 1661 1458 1698 codicum
1480 1660 1726 1698 varietatibus

299 1722 499 1762 enotandis
514 1728 552 1759 et
571 1721 800 1770 conjecturis
817 1721 903 1759 inde
922 1719 1119 1757 eliciendis
1131 1727 1196 1758 aut
1208 1720 1370 1758 virorum
1391 1721 1609 1758 criticorum
1624 1733 1726 1758 com-

300 1783 435 1820 mentis
454 1781 680 1831 colligendis
702 1787 897 1824 versetur;
926 1782 955 1818 si
976 1793 1152 1830 porrossa
1172 1793 1258 1826 non,
1280 1781 1371 1817 locis
1392 1780 1667 1818 difficilioribus
1686 1787 1725 1818 et

299 1842 586 1880 obscurioribus
606 1841 769 1891 omissis,
787 1842 834 1879 ad
856 1854 913 1887 ea,
933 1853 1018 1890 quae
1038 1852 1105 1889 per
1124 1853 1163 1877 se
1183 1847 1272 1877 uota
1291 1841 1380 1876 satis
1400 1846 1522 1883 eraut,
1550 1840 1724 1878 adhaese-

298 1904 370 1945 rit3
401 1902 569 1939 excutiat
598 1902 726 1951 potius
756 1915 830 1938 non
864 1901 1138 1946 animadversa,
1172 1913 1242 1937 nec
1274 1900 1347 1936 sibi
1379 1899 1558 1936 dedecori
1592 1899 1723 1946 ducat,

298 1962 388 1999 vitia
409 1962 573 2000 indicare
594 1962 764 2006 latentia,
785 1963 855 1999 etsi
875 1962 918 1998 iis
943 1961 1125 1998 medelam
1146 1960 1230 2010 ipsa
1244 1959 1378 1996 afferre
1395 1966 1572 2008 nequeat.
1617 1961 1723 1998 Licet

297 2023 336 2061 in
360 2023 417 2060 his
444 2036 513 2072 pro
540 2023 779 2060 consiliorum
806 2022 1028 2060 diversitate
1050 2022 1127 2059 vias
1146 2022 1387 2067 rationesque
1415 2019 1562 2069 ingredi
1589 2021 1723 2066 varias,

296 2084 345 2122 de
365 2085 503 2135 quibus
524 2097 623 2121 nunc
643 2084 779 2133 agendi
801 2083 908 2120 locus
931 2081 1032 2119 haud
1052 2088 1122 2119 est.
1180 2077 1182 2081 ⁴

349 2147 433 2184 Nec
452 2159 540 2184 vero
559 2146 673 2183 modo
695 2146 731 2182 in
752 2145 938 2194 scriptore
957 2145 1086 2193 aliquo
1105 2143 1254 2181 edendo
1274 2150 1312 2181 et
1330 2142 1578 2188 recensendo,
1592 2155 1720 2180 verum

294 2208 406 2245 etiam
427 2206 565 2256 legenti
581 2213 726 2244 veteres
745 2207 896 2255 quosvis
916 2205 1009 2243 alios
1026 2205 1232 2254 scriptores
1250 2216 1450 2242 occurrere
1470 2204 1610 2253 passim
1630 2216 1720 2253 pos-

292 2275 379 2305 sunt
399 2281 443 2305 ac
464 2267 607 2308 debent
635 2267 720 2304 loca
742 2266 858 2304 multa
879 2273 944 2304 aut
963 2267 999 2303 in
1028 2265 1166 2302 mendo
1195 2265 1388 2309 cubantia,
1409 2271 1476 2302 aut
1503 2271 1645 2302 temere
1673 2277 1720 2302 ac

289 2341 490 2377 perperam
508 2329 557 2365 ab
577 2328 784 2365 editoribus
805 2335 972 2366 tentata:
1003 2340 1163 2377 quorum
1184 2327 1470 2365 emendationes
1483 2327 1717 2376 probabiles,

289 2387 386 2424 sorte
412 2396 451 2425 et
479 2388 750 2426 illustrationes
779 2389 1003 2437 luculentas,
1031 2388 1061 2424 si
1094 2386 1179 2437 quis
1208 2387 1531 2431 animadverterit,
1553 2387 1717 2424 circum-

289 2449 424 2499 spiciet
447 2450 507 2486 ille
523 2451 633 2494 viam,
650 2462 725 2499 qua
747 2450 782 2486 in
804 2449 1000 2499 publicum
1022 2449 1188 2498 proferat
1211 2449 1349 2497 ingenii
1371 2448 1427 2485 sui
1447 2449 1604 2485 inventa
1622 2459 1714 2496 pro-

288 2511 432 2559 betque
450 2511 632 2553 eruditis;
658 2517 818 2560 possunt
836 2523 991 2560 quoque
1004 2523 1085 2547 esse
1103 2515 1290 2559 tempora,
1306 2516 1345 2546 ut
1359 2509 1442 2558 quis
1456 2508 1619 2545 fortunae
1635 2519 1712 2543 suae

287 2583 332 2609 ac
352 2571 461 2608 famae
479 2571 552 2607 lioc
573 2571 654 2619 ipso
674 2572 887 2608 consultum
908 2570 1154 2619 essejudicet
1171 2584 1180 2613 ;
1211 2571 1262 2607 ita
1276 2570 1344 2606 viri
1364 2569 1468 2606 docti
1489 2580 1534 2604 eo
1550 2567 1712 2604 devene-

287 2637 387 2676 runt,
422 2637 462 2668 ut
495 2631 532 2667 in
560 2632 847 2669 recensionibus
885 2638 1082 2670 auctorum
1121 2631 1365 2668 classicorum
1403 2629 1713 2678 opportunitates

286 2691 398 2728 anxie
419 2697 655 2736 venarentur,
675 2692 815 2740 quibus
831 2693 885 2730 uti
904 2699 1073 2742 possent,
1097 2692 1144 2729 ad
1164 2690 1466 2741 protrudendum
1487 2690 1524 2726 in
1546 2690 1710 2727 medium

286 2751 548 2788 animadversa
571 2763 593 2787 a
626 2764 664 2787 se
691 2758 728 2788 et
757 2752 996 2800 conjectata;
1032 2755 1084 2790 ita
1112 2751 1273 2788 vidimus
1299 2749 1452 2787 criticos
1486 2750 1522 2787 in
1554 2750 1712 2788 edendis

286 2811 550 2861 scriptoribus,
570 2811 799 2860 promiscue,
821 2814 890 2850 etsi
916 2813 1140 2850 alienissimo
1169 2812 1215 2848 in·
1235 2811 1332 2855 loco,
1359 2810 1645 2863 emendationes
1672 2811 1709 2847 in

287 2874 387 2910 varia
406 2874 633 2923 scriptorum
655 2873 739 2911 loca
767 2875 948 2919 intexere,
969 2880 1032 2911 aut
1053 2873 1173 2910 verius
1202 2871 1395 2908 intrudere
1423 2878 1462 2908 et
1490 2871 1708 2912 inculcare:

287 2934 376 2971 dum
397 2934 530 2972 similia
550 2939 696 2984 optant,
715 2934 951 2972 confundere
976 2933 1239 2978 dissimillima,
1262 2932 1489 2982 penitusque
1516 2932 1707 2969 abducere
