1981 3255
372 215 452 255 514
882 219 1128 261 HAUPTM
1141 221 1286 262 ANNI

373 338 452 369 sun,
482 331 690 378 περιφανεῖς
718 327 753 374 ἐξ
783 330 932 380 ἀσήμων
964 330 1241 381 designaturus.
1297 332 1430 370 Suidas
1451 346 1578 383 porro,
1598 339 1783 384 qnatenus

372 394 525 424 matrem
549 387 738 425 tibicinam
757 396 879 436 vocat,
900 403 944 427 ac
964 392 1210 437 meretricem,
1233 400 1273 431 ut
1294 394 1473 431 Demeam
1494 407 1578 432 cum
1601 395 1783 442 Demade,

371 447 424 484 sic
458 454 614 485 matrem
640 462 725 486 cum
756 463 884 494 uxore,
916 451 973 487 vel
1007 452 1156 500 pellice,
1187 454 1398 490 confundit.
1456 454 1614 492 Faciunt
1648 455 1717 492 hac
1745 455 1783 492 in

372 514 478 556 parte
498 509 692 547 nobiscum
714 510 938 548 Plutarchus
959 518 996 549 et
1019 512 1236 559 Athenaeus,
1256 515 1321 564 qui
1345 514 1451 552 simul
1473 528 1678 552 sermonem
1698 527 1782 552 nar-

372 574 467 614 rant,
488 582 564 618 quo
579 570 685 620 pater
699 570 776 608 filio
796 571 912 614 dicit;
942 584 1026 609 cum
1048 575 1128 622 ipse
1148 580 1303 612 matrem
1325 574 1406 623 ejus
1421 575 1583 621 duxerit,
1605 575 1696 613 illud
1713 588 1783 613 nec

372 630 534 668 vicinum
569 632 741 676 sensisse,
775 633 929 670 Demeae
957 633 1098 682 nuptiis
1135 647 1238 683 reges
1273 648 1318 672 ac
1354 635 1544 685 principes
1576 635 1784 673 necessaria

372 692 631 741 suppeditare.
685 693 813 730 Potuit
843 693 954 742 igitur
983 694 1198 744 Hyperides
1225 702 1262 732 et
1292 695 1432 744 alloqui
1460 696 1639 734 Demeam
1666 697 1783 734 incre-

371 752 524 801 pando:
553 753 610 791 Of)
637 755 800 808 σιωπὴσῃ
825 755 1006 804 μειράκιον
1031 757 1154 805 μεῖζον
1180 763 1241 800 τῆς
1268 756 1399 806 μητρὸς
1428 755 1523 805 ’έχων
1549 757 1588 794 τὸ
1613 757 1781 808 φύσημα;

373 813 459 851 Fuit
487 814 586 851 enim
612 820 649 851 et
677 814 773 851 filius
803 821 942 860 orator,
962 816 1026 865 qui
1053 828 1130 865 prae
1150 816 1309 862 caeteris,
1339 829 1423 854 cum
1451 816 1620 862 Callicle,
1641 817 1784 866 Diope-

373 873 461 910 then
491 874 644 911 Sunium
675 888 696 912 a
729 875 898 924 periculo
932 876 1065 926 capitis
1099 876 1286 922 liberavit,
1316 891 1349 913 v.
1378 878 1619 914 IosTzetzes
1653 876 1785 914 histor.

371 933 460 970 chil.
483 934 549 970 VI.
570 938 634 972 98.
659 939 748 973 104.
777 943 909 974 contra
939 950 1049 987 quem
1080 932 1220 988 pariter
1240 951 1284 975 ac
1306 945 1450 988 patrem
1470 937 1562 975 duas
1581 937 1784 982 orationes,

371 1006 456 1042 quae
477 994 682 1044 perierunt,
703 996 834 1034 habuit
852 997 1075 1047 Hyperides.

422 1055 473 1092 ΙΙ.
502 1055 568 1092 Eae
588 1055 738 1106 quidem
759 1058 989 1110 narrationes
1009 1071 1075 1096 nos
1096 1058 1334 1109 aliquatenus
1353 1059 1400 1096 ad
1424 1058 1600 1096 Demadis
1620 1058 1786 1096 indolem

369 1115 682 1154 considerandam
703 1117 910 1156 deducunt.
965 1120 1186 1158 Generatim
1205 1119 1368 1157 vividam
1393 1119 1536 1157 habuit.
1591 1119 1786 1169 Ingenium

369 1188 390 1211 e
410 1176 551 1214 salibus
573 1183 702 1227 patet3
724 1178 912 1227 judicium
933 1193 954 1217 e
973 1181 1086 1218 rebus
1105 1180 1152 1218 ab
1172 1181 1254 1230 ipso
1274 1181 1457 1230 peractis;
1491 1180 1610 1224 exiis,
1631 1191 1719 1229 quae
1735 1179 1785 1217 de

367 1237 529 1275 oratoria
545 1238 626 1287 ejus
642 1238 823 1277 facultate
839 1249 1104 1285 memoramur,
1117 1248 1334 1292 utrumque.
1390 1240 1581 1278 Prodebat
1591 1244 1787 1292 εὐστοχίαν

367 1295 404 1334 in
434 1298 759 1348 reprehendendo,
786 1313 911 1350 seque,
933 1313 1066 1350 magna
1085 1302 1278 1352 παῤῥησίᾳ,
1298 1301 1357 1338 vel
1377 1314 1502 1350 regum
1519 1299 1706 1346 ludibriis,
1721 1313 1787 1350 op-

369 1358 555 1408 ponebat;
587 1360 731 1411 quippe
749 1374 834 1399 cum
848 1361 1068 1399 admiranda
1085 1361 1137 1399 vis
1152 1363 1364 1400 orationum
1379 1362 1504 1399 omnia
1524 1361 1785 1411 permulceret.

369 1418 581 1458 Adamabat
601 1421 756 1471 quidem
776 1435 931 1471 pacem3
960 1429 1001 1460 ut
1023 1436 1106 1460 vere
1130 1422 1289 1461 Tzetzes
1310 1436 1345 1461 v.
1370 1426 1430 1460 19.
1451 1423 1616 1460 scribere
1636 1428 1784 1472 posset:

451 1546 454 1549 Ι
700 1519 714 1525 -
765 1498 952 1549 ’Υπῆρχεν
967 1499 1122 1549 ἐραστὴς
1141 1502 1280 1550 εἶρὴιής
1299 1501 1317 1536 ὁ
1332 1498 1517 1549 Δημάδης.

368 1564 508 1615 Neque
535 1573 658 1605 tamen
676 1568 880 1617 spernebat
909 1569 1062 1614 bellum,
1081 1568 1286 1619 aliquando
1305 1568 1385 1606 dux
1410 1567 1581 1605 militaris
1607 1567 1788 1605 constitu-

371 1632 446 1664 tus.
502 1628 674 1667 Pertinet
691 1630 780 1680 huc,
799 1630 902 1681 quod
925 1631 1093 1668 AElianus
1113 1632 1161 1669 V.
1180 1631 1231 1668 H.
1252 1630 1361 1668 XIV.
1380 1633 1437 1667 10.
1461 1635 1582 1675 notat,
1598 1628 1661 1666 ubi
1681 1629 1790 1668 simul

370 1686 696 1736 paludamentum,
711 1703 734 1727 a
755 1690 949 1729 Phocione
965 1698 1148 1741 rogatum,
1162 1690 1317 1728 lividam
1336 1689 1518 1728 Demadis
1540 1689 1790 1740 arrogantiam
1820 1704 1823 1707 ·

370 1749 550 1787 ostendit.
606 1750 721 1788 Istam
740 1759 778 1789 et
804 1752 1024 1789 Plutarchus
1045 1752 1181 1796 innuit,
1210 1751 1289 1800 qui,
1310 1757 1384 1799 tam
1409 1750 1446 1788 in
1466 1750 1560 1800 reip.
1581 1763 1659 1799 ger.
1675 1763 1791 1801 praec.

371 1813 402 1856 ξ.
426 1814 463 1849 7.
496 1825 608 1862 quam
643 1813 680 1850 iu
704 1814 792 1851 Vita
823 1814 1102 1859 Demosthenis,
1135 1817 1166 1859 ξ.
1199 1818 1258 1852 11.
1323 1812 1502 1852 Demadis
1530 1812 1624 1850 illud
1651 1811 1791 1850 refert:

373 1874 382 1890 ‘
399 1870 597 1922 Corrigere
617 1886 674 1911 me
695 1874 774 1911 vult
792 1874 1081 1919 Demosthenes,
1106 1887 1169 1911 sus
1189 1873 1425 1911 Minervam)
1479 1872 1632 1910 Scilicet
1652 1871 1687 1910 in
1704 1871 1795 1909 ¹De-

374 1933 608 1970 mosthenem
647 1934 840 1984 praecipue
877 1940 1004 1972 noster
1041 1934 1214 1972 invidiam
1252 1932 1400 1971 effudit.
1473 1932 1584 1970 Unde
1615 1931 1794 1970 Sidonius

373 1992 542 2041 Apollin.
564 1994 675 2031 VIII.
698 1999 732 2031 1.
750 1994 797 2032 de
828 1994 999 2032 Demade
1031 2001 1068 2032 et
1101 1995 1284 2039 Antonio,
1315 1993 1583 2030 Demosthenis
1610 1992 1691 2038 illo,
1720 1992 1793 2030 hoc

373 2051 570 2090 Ciceronis
590 2054 817 2100 adversario,
846 2061 1020 2105 testatur,
1045 2055 1164 2105 quod,-
1187 2055 1334 2092 “lividi
1353 2067 1437 2092 cum
1466 2053 1620 2100 fuerint,
1638 2053 1793 2092 malitiae

373 2113 501 2160 clarae,
517 2114 732 2152 dilectionis
751 2115 940 2162 obscurae,
955 2122 1081 2154 tamen
1095 2117 1142 2153 ad
1163 2115 1334 2153 notitiam
1355 2121 1605 2165 posterorum,
1620 2126 1689 2164 per
1705 2113 1796 2152 odia

372 2173 565 2220 virtutum,
585 2175 860 2213 decurrerint.'’
913 2176 1019 2213 Licet
1040 2177 1330 2221 Demosthenes,
1351 2181 1390 2213 ut
1415 2181 1549 2213 auctor
1567 2181 1625 2212 est
1644 2174 1795 2213 Plutar-

374 2234 465 2271 chus
482 2235 506 2272 1.
527 2248 562 2273 c.
584 2239 614 2282 ξ.
631 2241 668 2273 8.
685 2235 750 2274 fin.
772 2236 860 2286 quia
881 2249 953 2274 non
973 2250 1086 2275 ausus
1113 2244 1172 2275 est
1191 2250 1236 2275 ex
1255 2243 1423 2286 tempore
1450 2236 1586 2278 dicere,
1603 2247 1795 2285 nunquam

367 2295 510 2343 juverit
537 2297 763 2340 Demadem:
810 2298 1123 2344 Demosthenem,
1154 2298 1380 2336 tumultibus
1409 2297 1541 2346 populi
1566 2297 1794 2347 perculsum,

374 2356 501 2392 subito
517 2369 684 2407 surgens,
702 2371 805 2408 saepe
825 2359 1028 2396 Demades.
1067 2360 1160 2397 Jure
1173 2372 1323 2409 quoque
1339 2372 1406 2396 suo
1422 2358 1559 2396 Suidas
1572 2362 1795 2407 πανοῦργον,

372 2421 554 2462 astutum,
576 2419 765 2461 uominat;
797 2432 918 2469 neque
939 2419 1126 2468 pertidum
1147 2418 1290 2458 minus:
1320 2420 1357 2456 id
1379 2420 1481 2469 quod
1501 2431 1611 2456 omne
1631 2418 1796 2456 curricu-

372 2476 448 2514 lum
462 2479 546 2515 vitae
567 2479 808 2528 significabit.
865 2481 1043 2519 Avaritiae
1066 2487 1198 2518 testem
1214 2482 1423 2518 invenimus
1438 2480 1695 2524 Plutarchum,
1717 2486 1792 2517 tam

372 2538 410 2574 in
425 2539 698 2588 apophthegm.
719 2547 746 2577 t.
769 2541 843 2578 viii.
859 2553 899 2591 p.
918 2545 1005 2579 110.
1025 2542 1086 2579 ed.
1108 2542 1267 2579 Hntten.
1286 2554 1395 2590 quam
1411 2542 1446 2578 in
1468 2541 1554 2578 Vita
1574 2540 1791 2587 Phocionis,

373 2602 405 2645 ξ.
426 2604 488 2636 30.
516 2599 579 2636 ubi
600 2600 744 2637 dictum
768 2602 817 2639 ab
840 2602 1043 2652 Antipatro
1071 2603 1201 2648 refert,
1220 2603 1298 2639 duo
1318 2615 1358 2639 se
1383 2602 1523 2638 amicos
1547 2600 1706 2638 Athenis
1725 2601 1793 2639 ha-
1848 2614 1859 2620 ·

373 2659 474 2704 bere,
493 2660 721 2697 Phocionem
738 2674 781 2698 ac
799 2662 1022 2708 Demadem,
1035 2675 1195 2713 quorum
1219 2663 1378 2700 alterum
1399 2674 1587 2710 nunquam
1603 2661 1793 2700 adducere

372 2721 573 2769 potuisset,
598 2726 641 2757 ut
671 2721 783 2758 missa
808 2722 909 2760 dona
939 2724 1142 2773 acciperet,
1171 2725 1328 2761 alterurn
1356 2735 1548 2770 nunquam
1576 2721 1794 2760 muneribus

372 2787 637 2819 exsaturasset.
695 2782 788 2819 Inde
816 2788 954 2829 tamen,
975 2784 1095 2821 Suida
1113 2784 1393 2832 teste,‚e1'1'⁷ropoc
1413 2783 1562 2827 παντὸς,
1579 2782 1791 2821 luxuriosus

370 2843 557 2881 evadebat
577 2849 615 2881 et
635 2843 814 2892 impurus,
836 2844 902 2892 qui
923 2844 970 2881 de
990 2850 1097 2892 parte
1115 2844 1233 2881 altera
1249 2842 1433 2893 profudit,
1454 2842 1557 2892 quod
1580 2847 1790 2880 corraserat

373 2905 422 2942 ab
441 2905 571 2943 altera.
629 2904 812 2941 Novimus
833 2904 1102 2941 Demosthenis
1120 2916 1359 2953 responsum,
1373 2915 1458 2940 cum
1478 2915 1558 2940 sese
1579 2903 1790 2941 Mineruam

374 2971 631 3015 nuncupasset
650 2964 838 3002 Demades
855 2977 864 3001 t
897 2969 906 2985 ‘
927 2965 1001 3002 Ista
1014 2964 1169 3013 quidem
1188 2965 1273 3012 (ait)
1288 2964 1462 3001 Minerva
1478 2964 1650 3013 proxime
1666 2962 1789 3001 suiti-
