1981 3255
658 201 742 242 AD
775 200 1122 245 LYCURGUM.

188 316 227 345 B.
243 313 345 344 Bekk.
389 318 488 353 antep.
501 313 544 344 ὅτι
559 309 648 356 πιῖσι]
665 313 707 344 ἔτι
717 314 798 354 φύσει
810 318 882 346 πᾶσι

189 358 228 387 B.
246 357 345 388 Bekk.
408 367 476 396 pen.
495 357 545 390 τῆς
567 357 627 397 περὶ
650 360 699 391 τῆς
722 358 761 388 Β.
828 359 882 389 ult.

188 399 337 440 ἐάσαντας]
353 399 477 429 ἐάσαντα
492 398 531 428 Β.
545 399 592 429 Μ.
611 400 647 429 V.
661 400 763 431 Bekk.

233 444 353 473 P.-459.
378 444 410 471 4.
435 440 587 482 ἀλιτηρίους
612 442 661 473 Μ.
682 443 721 473 V.
785 446 816 474 7.
835 445 884 473 τοῦ

188 484 286 524 Ἵππη]
311 483 420 514 ηἹππ.
445 484 537 514 MN.
550 484 650 515 Bekk.
723 488 752 516 9.
769 496 886 527 προανα-

189 527 360 566 γραφέντας]
397 527 680 567 προσαναγραφέντας
716 529 754 559 V.
783 530 884 560 Bekk.

190 572 241 599 20.
256 568 318 610 ὅτε]
332 569 374 599 ὅτι
394 571 438 599 Μ.
456 571 492 600 V.
559 573 610 601 021.
625 570 647 600 εἶ
666 571 743 612 περὶ]
767 571 810 602 δ’τι
825 573 884 612 περὶ

189 611 230 642 Β.
246 611 348 642 Bekk.
364 611 387 641 σι’
402 612 461 653 περὶ
475 613 521 642 Μ.
537 614 576 643 V.
643 617 694 644 w.
710 615 777 650 ταῖς
789 626 884 655 τιμω-

188 653 257 693 ρίαις
270 654 304 683 V.

231 697 268 726 P.
282 698 356 727 460.
373 699 402 727 6.
422 697 467 727 τὸν
478 709 537 728 om.
554 698 602 728 M.
619 699 656 728 V.
702 701 732 730 9.
744 699 790 729 καὶ
806 699 884 741 περὶ]

189 739 236 768 καὶ
249 740 297 769 τοῦ
312 740 372 780 περὶ
385 740 485 771 Bekk.
552 744 602 771 10.
617 740 692 781 μόνᾳ*
708 741 796 784 λόγῳ]
813 742 886 782 λόγῳ

189 781 262 821 μόνῳ
275 784 307 812 Β.
324 783 425 812 Bekk.
476 787 526 814 12.
542 785 695 825 αὐτοχειρεῖ
713 786 749 813 V.
805 785 886 815 Ibid.

189 824 349 867 ἀπέκτεινε]
382 826 458 855 Post
483 826 635 856 ἀπέκτεινε
658 828 763 857 lacuna
788 828 816 856 in
847 827 886 857 B.

190 866 346 897 ἀπέκτεινε.
361 874 536 899 ΨΗΦΙΣΜΑ.
550 871 650 899 Bekk.
701 876 802 909 anlep.
817 870 890 900 δοκεῖ

190 910 269 950 ὑμῖν]
290 911 357 948 ὑμῖν
381 911 453 941 δοκεῖ
467 912 505 941 Β.
528 912 629 942 Bekk.
657 913 730 942 δοκεῖ
758 914 824 952 ἠμῖν
850 914 887 943 V.

190 953 270 982 Ibid.
287 953 463 992 Βουλομένους
474 955 512 984 Β.
555 965 625 994 pen.
638 955 802 996 Λεωκράτη]
815 962 885 985 Λεω-

188 995 289 1034 κράτην
304 997 340 1025 Β.
357 996 401 1025 Μ.
416 997 452 1026 V.
469 997 569 1026 Bekk.

233 1039 267 1068 P.
282 1040 357 1069 461.
375 1042 404 1069 1.
420 1038 487 1079 ἔργῳ
502 1040 565 1081 τὴν]
577 1039 644 1079 ἐ’ργῳ
657 1040 701 1069 καὶ
716 1041 742 1070 οὐ
756 1041 828 1080 λόγῳ
841 1043 888 1072 τὴν

662 1081 809 1109 ἔκλὶποντα

192 1113 226 1142 B.
250 1113 290 1143 H.
314 1112 360 1142 M.
383 1114 420 1143 V.
441 1114 542 1145 Bekk.
609 1119 637 1146 2.
659 1116 819 1155 προδιδόντα
842 1117 888 1147 Μ.

192 1157 282 1189 3.τὶῐς
295 1155 448 1198 τιμωρίας]
468 1158 558 1187 codd.
571 1162 601 1188 et
615 1159 686 1188 edd.
730 1159 810 1189 Ibid.
825 1160 888 1200 καῖ]

191 1197 260 1227 ἀλλ’
272 1199 311 1228 V.
354 1202 386 1228 4.
403 1200 566 1240 ἀποστερεῖν
578 1199 664 1236 οὕτως
677 1202 767 1231 codd.
778 1207 808 1232 et
821 1203 892 1232 edd.

188 1242 224 1270 5.
234 1240 335 1282 αὖτοῦ]
347 1242 430 1272 αὐτὴν
446 1244 483 1272 Β.
498 1242 579 1273 αὐτὸν
593 1243 639 1273 Μ.
683 1246 714 1274 6.
729 1243 783 1283 μὲν
798 1246 888 1286 σωτ.]

191 1284 240 1314 τὴν
254 1294 326 1313 σωτ.
343 1284 382 1313 Β.
398 1285 446 1314 M.
464 1285 502 1314 V.
519 1286 620 1315 Bekk.
686 1288 716 1315 7.
732 1286 827 1328 ὅντως]
847 1286 889 1317 οὕ-

191 1337 248 1359 τως
270 1326 310 1356 Β.
335 1326 381 1356 Μ.
404 1328 444 1357 V.
467 1327 567 1358 Bekk.
635 1331 685 1358 19.
705 1330 753 1358 καῖ
773 1329 819 1359 τὶν
837 1331 891 1360 τῶν

192 1368 286 1407 δήμων
301 1369 347 1398 Μ.
366 1369 400 1398 V.
463 1376 563 1410 antep.
578 1369 732 1412 ἐπιθῆται]
748 1371 890 1403 {waraei-

192 1422 241 1439 ται
258 1411 358 1441 Bekk.
417 1412 498 1442 Ibid.
514 1412 650 1444 καταλύει
666 1413 714 1444 Μ.
772 1416 826 1444 ult.
841 1417 891 1446 τὴν

192 1451 328 1494 ἐναντίαν]
347 1457 395 1486 τὴν
409 1455 500 1485 αἰτίαν
518 1457 550 1486 Β.
568 1456 668 1486 Bekk.

237 1497 272 1526 P.
296 1499 368 1527 462.
392 1501 422 1527 1.
439 1498 537 1532 αὐτοὺς
552 1509 612 1528 om.
627 1509 673 1537 pr.
689 1498 736 1528 Μ.
804 1499 887 1530 Ibid.

192 1539 247 1577 γὰρ
262 1537 357 1578 ᾤοντο]
374 1541 427 1580 γὰρ
442 1540 527 1573 οὕτως
544 1540 621 1580 ᾠόντο
635 1541 674 1571 Β.
690 1541 790 1571 Bekk.
858 1545 889 1572 4.

194 1578 363 1622 ψῆφιο-μα]
390 1584 465 1611 Post
493 1581 635 1622 ψήφισμα
660 1583 767 1613 lacuna
793 1585 822 1612 in
850 1585 891 1614 B.

193 1621 347 1662 ψήφισμα..
364 1631 541 1655 ΨΗΦΙΣΜΑ.
558 1625 660 1655 Bekk.
705 1629 734 1655 8.
752 1627 889 1666 Βουλομέ-

192 1676 243 1699 νοις
270 1666 318 1696 Μ.
346 1667 386 1696 V.
444 1671 473 1698 9.
499 1666 563 1708 πρὸς
589 1667 708 1709 τοιούτ.]
735 1668 800 1708 πρός
826 1671 890 1703 τοὺς

192 1708 297 1738 τοιούτ.
317 1709 353 1739 Β.
371 1709 418 1738 Μ.
436 1711 473 1740 V.
488 1711 591 1741 Bekk.
657 1711 736 1741 Ibid.
754 1711 890 1742 αἴσθησιν

190 1750 299 1792 μέλλ.]
327 1750 459 1782 αἴσθηται
487 1753 566 1792 μόνον
589 1757 680 1793 μελλ.
708 1754 748 1784 Β.
775 1754 824 1784 M.
849 1755 888 1784 V.

192 1793 293 1823 Bekk.
358 1798 408 1824 11.
423 1797 476 1835 γὰρ
493 1796 562 1825 add.
580 1806 647 1835 sup.
662 1796 716 1826 lin.
733 1797 772 1826 Β.
837 1799 889 1827 13.

191 1834 354 1877 ποιήσεσθε]
372 1837 542 1868 ποιήσεσθαι
557 1839 592 1868 V.
606 1838 770 1879 προήσεσθε
786 1838 889 1870 Bekk.

191 1881 242 1908 14.
253 1878 347 1909 ἐκεῖνον
359 1880 396 1909 V.
412 1878 507 1915 ἐκεῖνος
521 1880 593 1910 Ald.
638 1885 690 1913 15.
705 1880 771 1922 παρ’
782 1881 887 1924 αὐτῶν]

190 1923 267 1961 παρὰ
278 1924 333 1952 τῶν
345 1922 392 1952 Μ.
403 1924 442 1953 V.
457 1922 524 1964 παρ’
533 1923 624 1954 αὐτῶν
637 1923 740 1954 Bekk.
783 1929 887 1965 antep.

191 1966 275 2003 παρὰ
288 1975 347 1994 om.
366 1964 414 1994 M.

233 2007 270 2037 P.
287 2009 359 2038 463.
374 2009 406 2038 3.
427 2008 462 2042 ὡς
476 2007 543 2048 ε’...]
564 2007 638 2043 ὅπως
662 2008 712 2048 ομ.
727 2010 767 2040 Β.
782 2009 831 2040 M.
848 2011 886 2041 v.

384 2051 544 2080 προδιδόντα

192 2081 294 2112 Bekk.
332 2083 570 2114 8.κατοιλιπόντα
579 2083 625 2114 Μ,
673 2084 830 2126 1Ο.“ν“.ν]οὓς
839 2085 888 2117 Μ.

191 2124 231 2153 V.
273 2127 325 2155 11.
337 2125 428 2166 ἧμῶν]
437 2125 514 2165 ὑμῶν
523 2126 571 2156 ῙΜ.
581 2127 620 2156 V.
631 2126 735 2158 Bekk.
781 2131 830 2158 12.
839 2127 888 2157 πό·

191 2166 275 2208 λεως]
291 2168 341 2200 τῆς
356 2166 470 2203 πόλεως
484 2169 524 2198 Β.
543 2170 577 2198 V.
591 2169 695 2200 Bekk.
710 2172 760 2205 τῆς
775 2170 888 2206 πόλεως

191 2219 249 2238 om.
263 2220 311 2248 pr.
327 2210 375 2240 M.
418 2210 502 2241 Ibid.
517 2210 664 2252 μετέσχον
677 2223 725 2252 pr.
742 2213 789 2243 M.
834 2216 888 2245 13.

191 2250 252 2292 εἶχε
268 2252 315 2282 Μ.
329 2253 367 2282 V.
413 2255 462 2283 14.
478 2254 745 2296 προπαραδιδὸντας]
757 2255 888 2297 προδιδόν-

190 2305 244 2328 τας
260 2294 300 2325 Β.
316 2294 365 2325 M.
379 2296 416 2324 V.
432 2296 533 2327 Bekk.
587 2300 638 2328 16.
652 2296 730 2331 πόλις
746 2299 783 2329 V.
836 2302 886 2330 17.

189 2338 244 2377 γὰρ
258 2337 290 2366 ἂν
304 2335 363 2378 ἓκ.]
380 2336 412 2368 ἃν
426 2349 484 2368 om.
501 2339 541 2370 Β.
558 2340 604 2370 Μ.
621 2341 660 2370 V.
676 2341 773 2373 Bekk.
836 2352 887 2372 au-

191 2385 255 2419 tep.
271 2378 367 2420 θῆται]
382 2379 496 2411 θήσεται
513 2383 612 2413 Bekk.

233 2423 272 2452 P.
284 2425 357 2453 464.
368 2425 453 2454 4.τῆν
459 2424 748 2467 τιμωρίανέποίησαν]
758 2425 889 2458 ἐποίησαν

188 2465 236 2495 την
249 2464 385 2506 τιμωρίαν
400 2466 438 2497 Β.
456 2469 499 2497 Μ.
517 2468 554 2497 V.
567 2468 668 2499 Bekk.
712 2464 742 2499 ⁷.
758 2469 886 2511 ἑαυτοὺς]

187 2506 288 2543 αὐτοὺς
311 2509 412 2539 Bekk.
474 2511 662 2551 8.τεκμίιριον,
688 2510 717 2552 ὃ]
734 2512 887 2552 *τεκμήριόν

188 2548 276 2586 ἔστιν,
290 2549 303 2580 ὃ
317 2550 356 2581 Β.
372 2552 473 2582 Bekk.
518 2556 533 2582 1
542 2556 569 2582 1.
579 2554 772 2594 κατάξαντες]
783 2555 886 2593 τάξαν-

188 2603 238 2627 τες
258 2593 296 2623 Β.
317 2594 366 2625 Μ.
386 2595 424 2624 V.
443 2594 545 2626 Bekk.
610 2602 709 2636 antep.
729 2595 868 2628 ἐποίησαν.

190 2633 317 2667 ἐποίησαν
332 2635 403 2676 μετ’
420 2636 567 2679 αἰσχύνης.
585 2638 625 2668 Β.
641 2641 685 2669 Μ.
701 2639 740 2669 V.
756 2639 856 2670 Bekk.

234 2679 272 2708 P.
288 2681 362 2710 465.
385 2683 415 2709 1.
440 2686 563 2711 ΝΟΜΟΣ
585 2692 645 2712 om.
667 2682 697 2711 in
719 2682 826 2712 lacuna
847 2683 886 2713 B.

193 2721 224 2748 2.
238 2719 267 2750 δὲ
282 2722 331 2762 ὡς]
349 2722 378 2752 δὴ
393 2722 428 2756 ὡς
442 2723 481 2753 Β.
498 2723 602 2754 Bekk.
646 2727 676 2756 8.
690 2727 739 2755 τὴν
752 2723 888 2765 τιμωρίαν

193 2762 239 2792 Μ.
254 2763 295 2793 V.
346 2767 377 2795 9.
393 2764 480 2795 ἄλλην
495 2764 583 2807 ζημ.]
601 2767 690 2797 ἄλλην
705 2768 747 2798 δεῖ
760 2766 831 2808 ζημ.
847 2769 886 2799 Β.

192 2803 295 2835 Bekk.
358 2806 439 2838 Ibid.
453 2807 576 2843 δουλείας
602 2810 651 2840 Μ.
666 2811 706 2840 V.
772 2813 825 2842 13.
840 2822 887 2840 το·

192 2847 276 2877 σοῧτο
292 2848 330 2877 V.
373 2848 453 2880 Ibid.
469 2848 559 2892 οὗτος]
575 2850 671 2888 ἐκεῖνος
688 2853 737 2883 ΖΜ.
752 2853 792 2883 V.
837 2855 888 2885 15.

192 2890 228 2922 ὡς
241 2899 300 2919 om.
316 2889 353 2919 V.
398 2894 449 2921 17.
464 2892 532 2933 ὑπὲρ
543 2904 602 2924 om.
614 2905 662 2934 pr.
678 2895 718 2926 B.
764 2898 816 2929 19.
830 2896 886 2937 τὰ]

192 2933 270 2961 κατὰ
294 2933 337 2962 Μ.
355 2933 391 2961 V.
457 2937 508 2964 21.
527 2938 567 2966 τὰ
589 2939 751 2968 seeundum
775 2949 835 2969 om.
853 2941 887 2969 B.

193 2975 237 3003 M.
255 2975 291 3002 V.
316 2974 415 3005 Bekk.
486 2977 567 3008 Ibid.
597 2979 661 3019 πρὸς
685 2981 793 3023 τάχος]
825 2982 888 3021 πρός

1528 209 1610 251 493

915 315 948 345 τὸ
961 316 1053 356 τάχος
1070 315 1107 346 Β.
1124 316 1157 346 τὸ
1172 318 1333 348 om.Bekk.
1380 322 1430 351 93.
1449 322 1610 362 ποιητικῶν]

916 362 1035 390 ποιητῶν
1061 359 1099 388 Β.
1120 358 1168 388 M.
1194 359 1232 388 V.
1260 360 1362 392 Bekk.
1426 364 1480 393 ult.
1497 362 1612 393 ἐντεκεῖν

916 400 1042 443 ἦξίωσεν]
1059 399 1168 440 ἦξίοοσεν
1183 400 1297 432 ἐντεκεῖν
1314 405 1412 435 Bekk.

960 444 996 474 P.
1011 447 1084 476 466.
1102 446 1132 475 3.
1145 444 1228 474 οἰκεῖν
1242 455 1288 483 pr.
1307 446 1353 475 M.
1412 451 1443 477 4.
1460 447 1505 478 τον
1520 449 1610 488 ἀνδρο-

917 486 991 526 φόνον
1006 487 1044 517 Β.
1104 486 1184 516 Ibid.
1200 487 1311 522 εἰκότως
1325 498 1384 517 om.
1399 491 1436 519 V.
1493 492 1523 520 6.
1538 492 1612 521 ὑπο·

919 529 1092 568 δεξομένους]
1112 529 1329 569 ὑποδεξαμένους
1351 532 1390 561 Β.
1413 532 1458 561 Μ.
1481 533 1520 563 V.
1542 533 1612 564 Ald.

919 572 1020 603 Bekk.
1089 575 1119 603 8.
1133 572 1232 614 κακεῖ]
1248 574 1327 603 κακοὶ
1349 575 1382 603 Β.
1399 575 1443 604 Μ.
1460 576 1498 605 V.
1512 576 1613 606 Bekk.

920 658 971 687 13.
996 634 1072 695 ἐμῶν
1093 657 1135 685 Μ.
1203 655 1270 687 Ibid
1296 656 1383 698 ὅῖινοὶ]
1408 657 1553 687 δεινότατα
1577 660 1616 688 Β.

919 699 1021 729 Bekk.
1075 701 1125 729 18.
1139 697 1166 728 δὲ
1180 710 1238 729 om.
1254 710 1300 739 pr.
1317 700 1364 730 M.
1420 710 1478 739 pen
1495 707 1615 730 καταλι-

920 742 992 782 πων]
1010 741 1210 780 ἐγκαταλιπὼν
1227 743 1262 773 Β.
1278 742 1380 773 Bekk.

1444 787 1460 794 .-

1441 796 1462 809 ω

962 818 1000 846 Ρ.
1015 819 1089 848 467.
1105 819 1135 847 6.
1149 818 1253 848 τούτων
1271 819 1308 848 13.
1359 821 1388 848 8.
1404 819 1472 857 ὑμῖν
1486 819 1534 849 Μ.
1586 822 1616 850 9.

920 871 964 893 τις
984 859 1075 901 ἐστὶν]
1096 871 1141 894 τις
1156 861 1209 900 ἄρα
1230 860 1308 891 ἐστὶν
1327 861 1365 891 Β.
1390 862 1438 892 M.
1458 863 1496 891 V.
1518 863 1618 892 Bekk.

921 905 972 932 10.
989 903 1049 942 περὶ
1066 913 1124 932 om.
1143 904 1186 933 M.
1204 904 1240 933 V.
1307 910 1407 943 antep.
1423 903 1449 934 ἐν
1464 904 1521 945 τῷ]
1538 905 1615 944 αὐτῷ

921 945 966 975 Μ.
984 945 1021 975 V.
1065 956 1134 984 pen.
1149 947 1198 975 τοῦ
1213 957 1271 976 om.
1290 947 1327 976 B.
1346 947 1393 977 M.
1410 948 1446 976 V.

966 989 1003 1018 P.
1019 990 1091 1018 468.
1110 993 1137 1018 1.
1153 987 1207 1023 υἱός
1223 990 1261 1019 V.
1305 993 1333 1020 4.
1349 989 1538 1029 προδεδωκέναι
1551 1008 1563 1014 -
1577 1009 1588 1014 -
1606 1009 1618 1014 -

922 1030 1096 1070 ἀνακειμένην
1109 1032 1179 1060 add.
1200 1033 1228 1061 in
1250 1043 1344 1072 marg.
1370 1033 1408 1063 Β.
1475 1034 1555 1063 Ibid.
1570 1036 1618 1065 τὴν

923 1073 1043 1114 πατρὸς]
1070 1076 1117 1103 την
1140 1075 1191 1103 τοῦ
1218 1074 1325 1115 πατρὸς
1352 1075 1391 1105 Β.
1413 1076 1450 1105 V.
1481 1084 1511 1106 et
1539 1087 1616 1106 corr.

924 1116 970 1145 M.
996 1116 1098 1146 Bekk.
1173 1119 1202 1146 5.
1229 1120 1279 1148 τοῦ
1305 1129 1362 1148 om.
1393 1129 1438 1157 pr.
1464 1119 1513 1148 M.
1587 1122 1616 1149 6.

924 1157 1004 1188 ἐνόουν
1029 1160 1063 1189 V.
1143 1162 1172 1191 9.
1195 1161 1272 1198 μήτε
1295 1162 1373 1202 φιλ]
1396 1162 1438 1200 μῆ
1464 1168 1526 1201 φιλ.
1550 1162 1619 1191 ΑΜ.

927 1204 975 1230 10.
993 1202 1260 1241 συναπολογουμένου
1276 1205 1316 1233 V.
1381 1208 1430 1235 14.
1446 1205 1618 1246 κατάσχοιεν

923 1244 970 1274 M.
988 1245 1023 1274 V.
1078 1245 1161 1274 Ibid.
1185 1245 1213 1276 δὴ
1235 1245 1322 1287 καθ’]
1346 1245 1389 1276 δεῖ
1408 1246 1478 1276 καθ’
1502 1248 1540 1277 de
1564 1257 1618 1276 suo

924 1287 1024 1317 Bekk.
1080 1287 1159 1317 Ibid.
1176 1298 1238 1326 γεγ.
1258 1289 1313 1329 δεῖ]
1334 1299 1397 1328 γεγ.
1418 1290 1494 1320 δεινὶν
1516 1289 1556 1319 Β.
1574 1290 1618 1318 Μ.

922 1329 962 1359 V.
993 1329 1095 1359 Bekk.
1164 1332 1216 1360 16.
1241 1332 1287 1361 οὐκ.
1314 1331 1378 1373 ἐπὶ]
1403 1331 1491 1362 οὐκέτι
1518 1332 1618 1362 Bekk.

923 1371 1005 1402 Ibid.
1051 1372 1317 1415 προσκρούσασθαι]
1365 1375 1619 1415 παρακρούσασθαι

1167 1424 1228 1449 'Eub
1231 1434 1323 1450 σσσσσσ

924 1455 1026 1486 Bekk.
1070 1435 1306 1496 ὃηῑρρῗῆξίωσαν
1321 1459 1369 1489 M.

1193 1517 1252 1533 01101!

968 1540 1004 1568 P.
1023 1542 1097 1570 469.
1115 1543 1144 1570 8.
1159 1518 1272 1579 μιῖιλλον
1287 1545 1339 1571 τῶν
1355 1543 1401 1572 Μ.
1453 1546 1482 1574 9.
1497 1544 1567 1574 οὐδὲν
1584 1546 1622 1574 V.

926 1583 978 1610 13.
994 1582 1103 1621 πρώτου
1120 1584 1157 1612 V.
1225 1595 1292 1620 pen.
1307 1585 1389 1624 οἶμαι
1405 1587 1487 1615 τοῦτο
1503 1599 1561 1628 πρ..
1575 1586 1621 1627 ἶν’]

923 1622 990 1653 εῖναι
1019 1626 1103 1654 τοῦτο
1129 1636 1191 1665 πρ..
1217 1626 1291 1659 ὅπως
1316 1627 1354 1656 Β.
1383 1627 1430 1657 Μ.
1456 1629 1494 1658 V.
1523 1629 1623 1659 Bekk.

980 1684 1016 1699 0⁷1¹

925 1707 979 1736 ult.
1013 1706 1070 1738 ὅσοι
1089 1709 1135 1738 Μ.

969 1751 1002 1780 P.
1018 1753 1090 1780 470.
1119 1755 1148 1781 2.
1173 1751 1251 1782 ἐλέου
1271 1752 1329 1792 ἦξ]
1352 1752 1429 1784 ἐλέου
1449 1755 1495 1784 οὒκ
1517 1755 1560 1794 ἧξ.
1584 1757 1623 1786 Β.

924 1791 1026 1822 Bekk.
1071 1793 1152 1824 Ibid.
1167 1795 1227 1835 περὶ
1238 1797 1302 1833 τοῦ]
1318 1800 1396 1828 κατὰ
1410 1799 1459 1827 τοῦ
1475 1797 1623 1829 B-Bekk.

923 1837 1007 1875 παρὰ
1022 1837 1071 1865 τοῦ
1088 1836 1137 1866 Μ.
1154 1838 1191 1868 V.
1235 1838 1264 1868 5.
1280 1840 1445 1881 Λεωκράτη]
1462 1842 1624 1881 Λεωκράτην

922 1877 957 1907 V.
968 1879 1117 1918 Λεωκράτη
1130 1880 1228 1910 Bekk.
1274 1884 1303 1912 6.
1314 1883 1418 1923 αὐτῶν]
1439 1882 1521 1913 ann-dv
1532 1886 1576 1914 M.
1586 1886 1622 1915 V.

924 1921 953 1950 9.
969 1921 1118 1952 σωσάντων
1139 1922 1237 1964 πόλει]
1257 1926 1409 1962 μεινάντων
1428 1926 1507 1956 πόλει
1524 1927 1623 1958 Bekk.

922 1965 974 1992 11.
987 1963 1043 1995 ἥκει
1060 1964 1098 1994 Β.
1114 1965 1289 1996 M.V.Ald.
1341 1969 1408 1997 lbid
1424 1967 1531 2010 οὐσιῶν]
1547 1969 1624 2000 ὁσίων

921 2004 1024 2036 Bekk.
1077 2010 1128 2037 12).
1143 2008 1240 2046 νόμων,
1257 2010 1358 2048 ἀγορᾶς
1374 2011 1418 2040 Μ.
1432 2011 1471 2040 V.
1522 2019 1621 2051 antep.

921 2048 1076 2089 ἡμετέρων]
1088 2049 1226 2088 ὑμετέρων
1234 2052 1273 2082 Β.
1282 2052 1384 2082 Bekk.
1427 2063 1494 2092 pen.
1506 2053 1620 2096 ἔθαψεν]

920 2089 1031 2128 ἔθαψαν
1045 2093 1082 2123 Β.
1100 2093 1143 2123 Μ.
1163 2094 1200 2123 V.
1220 2095 1290 2124 Ald.
1308 2093 1409 2133 ἔθαψεν
1423 2095 1522 2126 Bekk.
1567 2099 1621 2128 ult.

923 2151 1003 2204 ⁰3¹3?
1020 2175 1077 2206 οὐδὲ
1096 2178 1139 2207 Μ.
1184 2178 1266 2208 thid.
1282 2178 1307 2208 ἐν
1322 2180 1380 2213 τοῖς
1394 2181 1505 2221 μνημ.]
1520 2180 1545 2209 ἐν
1561 2193 1618 2211 om.

921 2217 960 2247 B.
972 2218 1073 2249 Bekk.

964 2260 1001 2290 P.
1019 2264 1091 2291 471.
1110 2265 1140 2294 6.
1156 2264 1352 2306 ποιησάμενοι]
1376 2267 1480 2303 ποιοῖς;
1502 2264 1521 2294 ἃ
1540 2267 1620 2306 μόνος

921 2302 1023 2334 Bekk.
1081 2306 1112 2334 7.
1129 2302 1166 2339 οἷς
1182 2317 1238 2336 om.
1259 2307 1359 2338 Bekk.
1418 2309 1497 2338 ibid.
1519 2308 1619 2339 {orana—

920 2345 1023 2377 λέσετε
1045 2348 1082 2377 V.
1149 2352 1178 2379 8.
1200 2349 1290 2380 αὐτῶν
1313 2351 1357 2380 Μ.
1371 2351 1410 2380 V.
1475 2362 1546 2392 pen.
1566 2356 1620 2383 τῶν

920 2388 1011 2420 αὐτῶν
1025 2388 1134 2431 ἐράνων]
1151 2390 1197 2421 τὲν
1212 2391 1294 2422 αὐτον
1307 2391 1393 2432 ἐ’ρανον
1408 2393 1482 2424 Mel.
1496 2395 1598 2426 Bekk.

963 2433 1000 2462 P.
1011 2435 1086 2464 472.
1096 2437 1124 2462 1.
1136 2432 1196 2463 ἐπεὶ
1205 2435 1254 2464 καὶ
1264 2437 1312 2466 την
1321 2435 1410 2477 Euo-47]
1421 2439 1470 2467 τὴν
1480 2439 1533 2477 γὰρ
1545 2440 1618 2478 ἀσφ.

920 2474 960 2504 Β.
980 2476 1014 2504 V.
1025 2476 1127 2514 Bekk.
1143 2479 1192 2507 την
1205 2479 1280 2517 ‹io-q).
1292 2479 1337 2508 Μ.
1389 2484 1418 2510 2.
1432 2479 1535 2521 αὑτοῦ]
1556 2480 1619 2510 ἑαυ-

918 2518 967 2547 τοῦ
980 2518 1016 2548 Β.
1027 2520 1069 2548 Μ.
1082 2520 1118 2548 V.
1129 2520 1226 2549 Bekk.
1269 2522 1298 2551 5.
1308 2521 1408 2563 αὐτῆς]
1421 2522 1516 2558 αὐτοῖς
1526 2523 1564 2553 Β.
1576 2525 1620 2553 M.

920 2560 1019 2590 Bekk.
1065 2563 1096 2590 7.
1111 2563 1387 2603 συμπατάξαμένων
1402 2566 1439 2595 V.
1498 2569 1548 2595 10.
1565 2577 1621 2595 πα-

871 2599 885 2640 ]
919 2602 1021 2641 ράνοιαν
1034 2603 1135 2633 Bekk.
1180 2606 1345 2637 12.δώσητε
1356 2608 1446 2637 MN.
1490 2608 1623 2647 Ibida-43

920 2655 979 2675 om.
995 2646 1034 2676 B.
1089 2648 1140 2677 13.
1151 2647 1198 2676 καὶ
1209 2648 1280 2678 add.
1297 2659 1365 2687 sup.
1379 2649 1432 2679 lin.
1449 2651 1485 2679 B.
1538 2651 1619 2681 Ibid.

919 2686 1015 2727 μόνους
1030 2689 1065 2717 V.
1110 2695 1211 2729 antep.
1232 2692 1340 2732 φυγὼν]
1364 2693 1450 2731 φυγῆν
1467 2691 1505 2721 Β.
1518 2692 1618 2723 Bekk.

919 2740 990 2768 pen.
1005 2729 1052 2760 ἐπὶ
1067 2733 1244 2774 προστάτου]
1254 2732 1316 2764 ἐπεὶ
1331 2734 1396 2774 πρὸς
1411 2736 1449 2764 τὰ
1464 2736 1513 2764 τοῦ
1526 2737 1568 2765 Μ.
1582 2737 1618 2770 V,

920 2812 1007 2886 {112}ss
1018 2812 1082 2855 ἔτη]
1099 2817 1135 2846 τῆ
1147 2817 1186 2846 Β.
1203 2794 1243 2846 V.
1257 2795 1296 2847 τά
1312 2819 1354 2847 Μ.
1400 2817 1454 2847 ult.
1468 2817 1619 2855 μιλόβοτον

963 2897 1001 2929 P.
1016 2901 1089 2931 473.
1106 2902 1135 2930 Ξ.
1151 2901 1228 2939 ὑμῶν
1242 2899 1281 2930 Β.
1293 2902 1337 2930 Μ.
1382 2901 1460 2930 Ibid.
1473 2902 1617 2939 γενήσεται

922 2939 1022 2972 Bekk.
1075 2945 1104 2973 5.
1120 2943 1189 2982 ὑμῖν
1201 2943 1274 2982 τοῖς]
1288 2944 1354 2981 ὑμῖν
1369 2941 1433 2972 ἔστῖ
1448 2945 1506 2977 τοῖς
1521 2944 1560 2974 Β.
1574 2947 1618 2975 Μ.

922 2984 961 3014 V.
980 2984 1078 3016 Bekk.
1134 2989 1162 3016 8.
1176 2985 1259 3015 τοίνυν
1273 2986 1352 3025 ὑμῖν]
1368 2986 1434 3025 ὑμῖν
1448 2996 1506 3016 om.
1517 2997 1562 3026 pr.
1580 2987 1619 3017 B.
