1981 3255
642 199 724 239 AD
758 196 1108 239 LYCURGUM.
1508 201 1588 244 363

161 302 275 346 Quod
294 301 504 355 flagellum
537 302 778 352 Corcyraeum
811 315 889 340 non
919 302 997 339 sine
1017 301 1136 352 gratia
1156 303 1374 351 appellavit,
1403 305 1585 355 quoniam

161 370 302 402 terrore
315 377 383 402 suo
397 363 654 401 turbulentam
671 363 909 413 plebeculam
922 362 1125 413 reprimere
1141 368 1180 399 et
1198 362 1234 399 in
1249 362 1375 401 officio
1391 365 1586 404 continere

159 425 295 474 potuit.
351 424 546 469 Similiter,
569 424 873 475 quotiescunque
893 423 1031 474 aliquis
1051 424 1089 461 in
1117 423 1272 461 civitate
1301 424 1480 464 emineret
1508 439 1587 464 ma-

158 486 269 531 xime,
283 484 329 523 ad
343 485 588 523 minuendum
608 486 780 523 nimiru'm
794 485 926 536 populi
943 491 1100 530 metum,
1115 478 1153 521 e't
1165 484 1211 521 ad
1227 485 1441 523 securitatis
1455 489 1585 536 potius

159 558 272 595 quam
300 557 422 596 poenae
447 547 675 597 exemplum,
696 547 828 585 exsilio
853 548 986 585 decem
1010 558 1192 584 annorum
1218 546 1467 585 mulctabant.
1539 549 1584 587 Id

157 611 280 643 autem
311 607 487 657 quoniam
522 608 743 646 testularum
776 608 964 658 suffragiis
993 607 1272 653 (ostracismum
1311 608 1465 657 vocant)
1505 607 1586 646 fieri

156 667 321 714 solitum,
336 681 410 706 non
426 669 580 719 illepide
594 671 708 708 etiam
722 670 899 707 dixerunt
916 671 1109 720 κεραμικὴν
1125 668 1301 719 μάστιγα,
1319 670 1427 719 quasi
1441 669 1586 708 diceres

142 727 587 781 flagrumfigulinum.⁶

209 790 281 826 Sed
301 790 372 827 hac
393 798 617 841 tempestate
638 799 843 843 pugnatum
863 800 920 829 est
946 792 994 829 ad
1016 791 1266 829 Chaeroneam
1287 804 1330 829 ea
1347 791 1586 839 infelicitate,

99 850 105 856 '
155 861 268 898 qnam
286 850 451 888 Graeciae
466 851 614 889 fortuna
632 865 828 902 nunquam
848 858 980 902 postea
999 852 1202 890 emendare
1225 859 1290 890 aut
1310 865 1491 903 superare
1511 867 1583 904 po·

156 910 239 948 tuit.
297 912 443 949 Bellum
472 913 588 958 istud,
612 915 822 964 utriusque,
852 914 1123 951 Demosthenis
1152 919 1190 951 et
1222 914 1401 965 Lycurgi,
1421 917 1586 955 consiliis

155 979 389 1022 susceptum,
417 987 493 1011 non
525 975 607 1024 pari
640 976 798 1012 militum
828 975 969 1013 virtute
999 975 1072 1012 fnit
1101 981 1259 1024 gestum.
1315 976 1588 1016 Decernuntur

154 1032 251 1068 enim
281 1033 328 1070 ad
360 1034 398 1071 id
424 1036 709 1084 exsequendum
732 1037 874 1075 Chares
902 1043 940 1074 et
961 1036 1144 1086 Lysicles,
1175 1036 1293 1087 magis
1321 1037 1425 1087 quod
1456 1038 1588 1090 inopia

155 1093 296 1130 ducum
317 1102 582 1143 premerentur
602 1097 781 1143 Athenae,
801 1109 913 1147 quam
935 1097 1038 1147 quod
1060 1097 1097 1134 in
1119 1097 1164 1134 iis
1186 1098 1383 1148 praecipue
1408 1111 1586 1150 magnum

153 1152 306 1203 aliquod
319 1155 540 1204 praesidium
559 1156 639 1195 fore
659 1159 892 1208 sperarent.⁷
946 1159 1133 1209 Lysiclem
1150 1158 1304 1197 domum
1325 1173 1514 1199 reversum
1536 1162 1585 1200 ad

153 1226 309 1251 causam
329 1216 463 1264 capitis
483 1217 612 1264 reique
633 1220 728 1256 male
753 1225 870 1269 gestae
896 1219 1095 1257 dicendam
1113 1227 1224 1258 vocat
1245 1221 1454 1271 Lycurgus,
1475 1224 1588 1261 solita

153 1274 266 1311 animi
307 1276 557 1322 vehementia,
597 1285 635 1315 et
672 1280 938 1330 popularitatis
979 1281 1119 1325 studi0‚
1158 1295 1388 1332 causamque
1423 1284 1590 1323 obtinet.

154 1334 270 1373 Istius
296 1337 490 1376 Orationis
515 1339 741 1389 particulam
770 1341 1012 1379 conservavit
1040 1341 1235 1380 Diodorus
1263 1342 1455 1389 Siculus,⁸
1474 1357 1587 1394 quam

154 1409 229 1434 non
249 1398 411 1436 alienum
433 1401 503 1438 erit
521 1401 680 1439 fortasse
701 1402 830 1440 lectori
852 1415 935 1440 meo
955 1403 1157 1441 exhibere:

205 1461 318 1508 Γνοίη
335 1461 364 1499 δ’
382 1463 428 1499 ἄν
446 1479 501 1506 τις
523 1466 633 1502 αὐτοῦ
652 1467 717 1509 τὴν
746 1464 785 1502 ἐν
811 1468 939 1513 λόγοις
964 1466 1070 1511 ἀξίαν
1090 1467 1148 1502 καὶ
1174 1469 1339 1516 πικρίαν,
1367 1466 1407 1504 ἐν
1438 1465 1494 1510 οἷς
1522 1473 1586 1505 τοῦ

153 1522 382 1566 Λυσικλέους
402 1532 611 1575 κατηγορῶν
630 1527 743 1574 λέγει·

204 1585 547 1635 Ἐστρατήγεις,
591 1583 618 1624 ὦ
654 1587 905 1632 Λύσικλες,
944 1589 1018 1625 καὶ
1055 1591 1220 1640 χιλίων
1261 1590 1346 1639 μὲν
1385 1592 1584 1628 πολιτῶν

152 1650 562 1694 τετελευτηκότων,
598 1649 851 1700 δισχιλίων
883 1650 910 1687 δ’
947 1652 1260 1704 αἰχμαλώτων
1300 1653 1583 1700 γεγονότων,

150 1712 377 1759 τροπαίου
409 1710 453 1748 δὲ
488 1713 600 1749 κατὰ
634 1718 712 1756 τῆς
742 1713 918 1754 πόλεως
955 1713 1220 1758 ἑστηκότος,
1256 1718 1333 1757 τῆς
1366 1711 1393 1749 δ’
1422 1712 1583 1750 ‘End-

149 1768 226 1812 δος
258 1770 443 1816 ἁπάσης
473 1770 802 1818 δουλευούσης,
834 1774 907 1808 καὶ
936 1775 1106 1810 τούτων
1140 1771 1357 1810 ἁπάντων
1389 1789 1582 1821 γεγενη-

149 1834 289 1880 μένων
323 1836 402 1869 σοῦ
436 1834 701 1883 ἡγουμένου
739 1835 812 1870 καὶ
847 1840 1243 1883 στρατηγοῦντος,
1278 1836 1453 1884 τολμᾷς
1489 1835 1581 1885 ζῇν,

150 1893 293 1930 καὶτὸ
321 1901 399 1930 τοῦ
430 1895 564 1938 ἡλίου
594 1901 690 1945 ,φῶς
720 1896 848 1946 ὁρᾷν,
884 1897 958 1931 καὶ
990 1897 1057 1937 εἰς
1089 1897 1168 1940 τὴν
1201 1896 1385 1945 ἀγορὰν
1413 1894 1584 1946 ἐμβάλ-

149 1956 261 1998 λειν,
315 1955 562 2005 ὑπόμνημα
604 1959 784 2003 γεγονὼ
801 1972 818 1998 ς
867 1956 1101 2009 αἰσχύνης
1153 1957 1226 1992 καὶ
1270 1956 1483 2000 ὀνείδους
1534 1961 1585 2012 τῇ

150 2013 355 2063 πατρίδις
377 2037 428 2041 -
445 2037 497 2042 -—

202 2074 445 2112 Paucissimis
479 2074 619 2113 deinde
649 2077 756 2114 annis
791 2075 1020 2125 interjectis,
1047 2088 1134 2113 cnm
1163 2072 1423 2116 Alexandrum
1457 2090 1583 2116 rerum

150 2135 361 2182 potientem
382 2135 573 2173 irritarunt
600 2137 866 2183 Athenienses,
891 2149 1021 2175 eorum
1051 2137 1212 2175 maxime
1233 2137 1402 2185 hortatu,
1420 2140 1585 2189 quicum

151 2194 327 2246 Philippo
355 2202 465 2247 patre
492 2203 652 2235 aeternas
673 2198 889 2236 inimicitias
908 2211 1076 2247 gessere,
1095 2198 1159 2236 ille
1180 2200 1407 2249 expugnatis
1425 2199 1587 2247 Thebis,

151 2263 366 2307 magnoque
393 2263 535 2296 terrore
557 2258 705 2309 Populo
731 2259 956 2296 Atheniensi
985 2259 1134 2310 totique
1155 2260 1321 2298 Graeciae
1346 2259 1509 2310 injecto,
1531 2261 1587 2299 le-

149 2324 259 2368 gatos
280 2319 450 2356 Athenas
469 2319 583 2365 misit,
605 2320 671 2370 qui
690 2319 781 2357 dedi
800 2321 1037 2370 postularent
1063 2321 1250 2371 quosdam
1274 2321 1401 2368 Cives,
1421 2335 1583 2371 quorum

151 2379 319 2418 consiliis
341 2386 379 2418 et
397 2381 624 2419 auctoritate
646 2377 785 2419 hae'res
808 2381 1050 2432 gerebantur,
1073 2383 1292 2433 Lycurgum
1319 2384 1516 2434 praecipue
1536 2390 1576 2422 et

152 2440 459 2481 Demosthenem.
515 2442 684 2481 Tandem
706 2443 889 2481 Demadis
910 2443 1077 2481 versutia
1095 2451 1275 2482 exoratus
1293 2445 1547 2483 Alexander.⁹

204 2501 406 2552 Olympias
421 2509 503 2540 erat
517 2503 666 2540 CXIII.
683 2510 747 2541 aut
758 2517 839 2541 eam
854 2504 1020 2549 circiter,
1036 2517 1122 2543 cum
1138 2505 1282 2543 Noster
1296 2506 1585 2557 ingravescente

153 2563 286 2600 morbo
301 2570 340 2600 et
360 2570 473 2601 aetate
485 2564 602 2614 jussit
622 2578 661 2602 se
676 2565 712 2602 in
729 2565 881 2602 Curiam
896 2564 1049 2610 deferri,
1064 2573 1106 2603 ut
1127 2565 1180 2603 ibi
1196 2579 1320 2604 rerum
1338 2580 1357 2603 a
1375 2580 1414 2604 se
1426 2567 1581 2616 publice

156 2628 342 2669 gestarum
362 2624 545 2662 rationem
577 2625 768 2672 redderet,
791 2632 828 2663 et
847 2626 1110 2676 quaestionem,
1132 2627 1161 2663 si
1192 2640 1290 2677 opus
1322 2634 1437 2678 esset,
1457 2640 1584 2666 coram

157 2681 304 2732 Populo
324 2685 480 2723 subiret.
536 2686 774 2725 Adversante
792 2688 941 2725 nemine
960 2693 1102 2738 praeter
1116 2689 1443 2728 Menesaechmum
1463 2701 1584 2739 quen-

198 2800 212 2820 5
225 2801 312 2831 Suid.
327 2809 357 2832 et
371 2804 508 2843 Hesych.
523 2806 554 2835 h.
571 2815 637 2836 voc.
881 2805 963 2836 τεῦων
991 2805 1063 2835 οὐδὲν
1093 2804 1196 2847 διέφερε
1221 2808 1276 2836 τῶν
1300 2806 1443 2847 τυχόντων
1471 2806 1586 2834 zaim-zv

197 2843 210 2862 ⁷
225 2846 306 2883 Παςιὶ
321 2844 347 2874 δὲ
361 2844 419 2880 τοῖς
432 2846 582 2881 Ἀθηναίοις
596 2849 617 2878 οῖ
628 2847 685 2887 ’μὲν
696 2847 848 2887 dysteos-ra-
881 2850 960 2878 κατὰ
974 2851 1023 2879 τήν
1037 2847 1062 2878 ἐν
1076 2848 1118 2888 τῷ
1132 2851 1302 2888 στςατηγεῖν
1314 2848 1441 2888 ἐνέργειαν
1456 2848 1502 2876 καὶ
1521 2846 1584 2880 βου-

157 2897 199 2915 *rot
218 2888 274 2914 τῶν
293 2891 458 2927 στρατηγῶν
474 2888 745 2927 ἐτετελευτήκεσαν,
765 2890 848 2930 ⁵14„—
882 2892 939 2922 λήν.
982 2892 1033 2921 Sic
1051 2892 1179 2921 Diodor.
1194 2893 1289 2922 Sicul.
1304 2892 1399 2921 XVI.
1414 2901 1441 2920 c.
1457 2892 1509 2920 ⁷6.

156 2929 300 2968 κςάτης,
329 2929 375 2958 καὶ
409 2931 583 2971 Χαβςίαις,“
601 2933 644 2964 ’ἑτι
676 2934 706 2964 δὲ
738 2934 847 2974 Τιμό·
926 2936 938 2954 ⁸
954 2935 1048 2963 XVI.
1063 2945 1090 2964 c.
1108 2937 1160 2966 88.

157 2970 244 3005 8:04.
287 2974 347 3001 Τῶν
367 2971 395 3001 δὲ
413 2972 655 3015 ὑπολελειμμένων
674 2976 762 3016 Χάρης
776 2988 848 3016 vtpat-
925 2976 938 2995 ⁹
954 2977 1111 3006 Plutarch.
1127 2976 1260 3006 Phocion
1278 2986 1304 3004 c.
1323 2974 1433 3004 xvll.
