1831 3155
684 134 766 176 AD
800 133 1027 176 ISAEUM.

150 256 202 287 50,
213 256 265 283 Ξῖ).
283 254 330 282 An
344 257 459 291 transp.
477 252 532 282 ὅσα
548 249 635 283 ἕλαβι
650 250 719 292 (vel
729 249 815 291 παρέ-

107 296 197 335 nafis)
213 314 255 319 ——
271 296 289 325 ἃ
305 294 469 325 nan-{nme}
500 294 593 324 Certe
616 294 714 323 omnia
738 294 816 323 rese-

107 340 200 369 renda
217 340 253 369 ad
279 339 492 377 Dicaeogenem
517 337 685 368 Menexeni
712 337 816 366 lilium.

106 383 166 411 Sed
191 383 263 420 quid
289 382 345 411 sibi
369 381 435 412 vult
458 380 545 409 δοῦναι
569 380 666 409 mox?
693 380 815 409 Nemini

105 425 253 455 obvenire
268 425 402 455 defuncti
421 425 498 454 bona
510 424 590 453 κατὰ
601 422 686 459 δόσιν,
699 423 774 452 dicit
785 435 813 463 p.

105 471 158 503 52,
174 470 224 498 16.

150 513 204 546 50,
219 513 271 542 33.
288 510 418 547 Quidni,
435 517 505 540 Λεω.
523 508 570 538 καὶ
587 515 684 538 Amat.

150 556 203 588 50.
216 557 268 589 42,
286 554 407 588 Malim,
423 553 434 582 ὁ
451 559 517 583 Am.
528 551 651 586 τουτουῒ,
662 551 751 588 mm,

108 597 157 625 τοῦ
170 598 211 626 νῦν
225 596 311 633 ὄντος,
327 599 431 636 πατὴρ,
446 596 516 625 vide
532 606 562 634 p.
578 597 629 629 51,
648 596 706 625 39.

150 644 203 674 51,
217 643 270 670 21.
286 640 392 670 τούτων
411 649 444 677 γε
465 638 544 677 ἅμα,
561 638 609 667 vel
625 637 706 667 delet
722 636 815 675 parn-

105 683 216 718 culam,
240 683 348 713 Reisk.
376 682 489 712 Forsan
513 692 578 711 var.
600 682 684 710 lectt.
710 679 817 710 τούτων

107 724 174 762 ἅμα
190 736 223 755 τε
239 725 294 755 ἔω.
312 732 342 755 et
357 725 462 755 τούτων
477 725 545 762 ἅμα
560 724 607 753 καὶ
620 722 668 753 ἐπ.

766 550 814 580 vel

148 770 203 804 51,
220 772 273 799 2¹8.
293 769 377 807 Lege
402 768 466 797 sine
488 767 573 797 artic.
596 768 749 806 πςιίιμενος
768 765 815 794 καὶ
841 799 846 803 η

103 810 315 849 κατασκάψας,
329 813 414 842 κῆπον
427 809 450 840 ὲ.
467 811 576 840 turned
593 811 640 839 the
655 811 707 839 site
725 810 784 838 into
799 819 818 837 a

102 855 231 893 garclen.
267 854 351 884 Bene
376 854 509 883 illustrat
528 853 686 883 Jonesius.
704 851 818 881 Confer

106 896 334 927 llerodonlv.
351 899 402 927 86.
422 897 469 925 lin.
486 895 545 926 οὔτ’
557 894 634 926 ἱστίη
652 894 765 934 οὖδεμίη
778 905 817 924 νο-

107 938 245 979 μιζομένη
259 940 324 970 εἶναι
342 939 476 969 Γλαύκου.

150 984 203 1017 51,
227 985 279 1013 31.
301 982 422 1018 Malim,
445 979 671 1020 συνεξέπεμψεν,
697 981 819 1010 militem

114 1024 182 1052 scil.

151 1064 248 1105 [301]
265 1067 318 1100 51,
339 1067 392 1096 34.
412 1066 509 1103 Lege,
533 1066 613 1094 ἀλλὰ
633 1065 693 1104 περῖ
717 1063 773 1102 μὲν
787 1076 818 1093 τ.

107 1109 225 1138 Passim
239 1109 396 1147 particulae
413 1108 442 1137 in
459 1118 532 1138 mss.
546 1109 694 1146 trajectae,
714 1112 747 1136 nl.
763 1106 819 1137 Ni-

105 1156 199 1181 eostr.
212 1163 241 1191 p.
258 1154 312 1186 47,
325 1155 356 1183 4.
371 1151 474 1181 Ciron.
492 1162 524 1190 p.
541 1153 593 1187 68,
613 1152 666 1182 38.
685 1150 749 1180 liic
765 1160 818 1189 pp.

105 1196 178 1225 329.
195 1197 269 1226 371.

151 1240 205 1275 52,
219 1240 250 1268 6.
264 1237 386 1273 Malim,
404 1235 427 1267 δ’
442 1235 529 1266 οὐκέθ’
545 1235 686 1275 ἡγούμενοι
700 1245 748 1274 πρ.

149 1281 204 1315 5⁴2,
219 1284 249 1312 9.
267 1280 394 1319 Quidni,
409 1280 454 1311 δύο
471 1282 526 1319 γᾶς
547 1278 682 1309 &abiam
703 1278 818 1319 ἀπεφά·

104 1324 206 1354 meas!

150 1369 202 1403 52,
219 1369 247 1397 9.
263 1367 356 1396 πάλαι
380 1365 490 1404 πολλῷ.
512 1365 583 1395 Non
607 1368 722 1394 temere
747 1364 819 1393 soli-

107 1410 239 1440 citanda.
257 1409 364 1439 Possis
377 1415 487 1445 lamen,
498 1408 571 1438 πάνυ
582 1407 687 1443 πάλαι,
702 1412 733 1436 ut
745 1407 819 1436 Phi-

107 1453 229 1483 loctem.
247 1463 278 1491 p.
295 1455 346 1487 57,
365 1454 418 1482 37.

151 1499 203 1531 52,
215 1498 267 1527 23.
283 1494 469 1534 ἔξαιξεθεισῶν
480 1496 534 1523 τῶν
545 1492 655 1532 ψήφων.
673 1493 820 1530 Suspicor

109 1539 244 1575 dedisse,
265 1538 450 1579 ἐξεξειθεισῶν.
473 1537 601 1567 tumbled
626 1542 686 1566 ont.
711 1535 821 1572 λίθους,

109 1582 210 1612 Arist.
225 1583 301 1612 Ach.
319 1583 393 1612 340.

151 1626 205 1659 52,
220 1627 271 1656 37.
296 1624 495 1676 Suspipabar
497 1623 646 1657 lacunam,
662 1622 708 1651 οὐκ
729 1620 781 1652 οἶδ’
796 1621 818 1657 δ’,

108 1677 138 1697 τι
166 1667 227 1708 [δεῖ
250 1666 349 1706 λέγειν·
374 1667 396 1697 εἴ
418 1666 446 1696 δὲ
468 1665 539 1696 οὕτω
560 1664 668 1705 φανερὸν
690 1667 818 1705 πξέἷγμα,

107 1711 239 1750 EevE'sle,
256 1711 286 1741 ’Τί
302 1710 392 1752 oux]
380 1722 412 1740 αν
425 1709 568 1747 Επθίησενὶ
593 1710 646 1738 sed
668 1718 747 1737 nuno
768 1718 817 1738 ac·

108 1754 234 1793 quiesco
258 1754 288 1783 in
305 1755 438 1793 vulgata.
460 1753 530 1792 qnid
543 1758 652 1791 petevet
665 1751 819 1790 prcesidz'i?

109 1807 164 1837 quo
179 1806 206 1827 se
222 1797 365 1826 verteret?
389 1796 592 1837 (quominus’
581 1795 687 1835 ἄτιμος
702 1794 798 1824 fieret.
803 1793 818 1834 )

153 1841 205 1876 53,
223 1842 252 1870 5.
269 1839 318 1870 καὶ
335 1850 456 1869 vomo-ew
469 1838 580 1868 Reisk.
603 1844 635 1867 ut
650 1849 680 1877 p.
697 1840 749 1872 5⁶2,
766 1840 818 1867 41.

108 1882 189 1913 Vide
206 1883 342 1912 Meinek.
359 1884 397 1912 ad
416 1882 573 1912 Menandr.
589 1891 641 1919 pp.
658 1883 732 1912 249.
743 1883 817 1912 577.

110 1926 217 1955 Priore
235 1927 302 1956 loco
318 1930 402 1956 recte
416 1925 443 1954 οὔ
459 1925 507 1955 καὶ
524 1924 647 1955 ποιὴτειν
663 1924 820 1953 Porsonus

106 1969 188 2008 apud
205 1969 300 1998 Kidd.
314 1980 345 2008 p.
358 1972 434 2000 251.

153 2014 207 2046 53,
224 2015 254 2042 8.
278 2012 341 2041 Vix
358 2011 433 2041 mihi
448 2010 586 2045 dubium,
601 2009 673 2049 quin
690 2009 822 2038 delenda

109 2053 157 2083 καὶ
173 2055 329 2093 φάσκοντος
349 2056 391 2094 μὴ
411 2053 588 2086 &efflando-sav.
634 2053 706 2081 Non
730 2061 821 2081 cave-

108 2098 221 2127 rantde
232 2108 265 2126 re
279 2107 344 2136 quae
357 2101 438 2127 esset
449 2096 570 2125 omnino
584 2095 816 2134 inexspectata:

108 2140 182 2170 vide
197 2151 282 2179 seqq.

151 2184 205 2219 53,
222 2185 272 2214 13.
293 2183 382 2217 Dele,
398 2182 496 2211 ταῦτα
519 2182 559 2210 τὰ
579 2179 664 2219 μέρη.
701 2181 763 2209 Per
785 2190 818 2209 se

109 2227 200 2261 bona,
217 2231 249 2255 nt
266 2236 296 2264 p.
307 2227 360 2261 52,
374 2227 426 2255 28.
438 2225 518 2255 unde
536 2225 634 2254 forsan
649 2224 757 2263 petita,
770 2223 818 2253 vel

109 2279 148 2299 ex
167 2268 314 2298 orationis
331 2268 430 2298 initio.

152 2311 247 2351 [303]
272 2313 323 2346 53,
341 2313 392 2342 26.
416 2321 501 2341 suam
524 2311 645 2350 ἀδελψὶν
664 2311 695 2338 in
716 2310 819 2339 matri-

107 2357 237 2384 monium
251 2353 437 2384 Prolurchidi
447 2353 537 2383 dedit.
560 2353 724 2391 Vulgatam
735 2358 818 2382 recte

106 2398 228 2427 damnat
242 2397 347 2427 Reisk.
370 2397 433 2426 Vix
447 2397 519 2426 mihi
536 2396 661 2426 dubium
673 2397 742 2435 quin
755 2396 817 2433 leg.

107 2439 234 2478 ἀνεψιάν.
258 2441 379 2479 Nempe
390 2442 442 2479 jus
458 2450 544 2469 sunm
559 2450 715 2474 exercens,
733 2440 818 2478 quasi

107 2483 188 2513 filius
207 2483 402 2522 Dicaeogenis
415 2482 481 2523 (τοῦ
496 2481 611 2521 Μενεξ.)
623 2482 754 2521 ideoque
771 2487 818 2512 tu-

107 2531 166 2562 tor,
178 2526 276 2566 κύριος,
286 2526 542 2560 muliercularum,
558 2536 591 2565 p.
602 2528 655 2561 51,
667 2527 718 2556 22.
730 2526 819 2565 plane

109 2576 143 2599 ut
163 2570 280 2600 Endius
305 2569 483 2610 adoptivus,
507 2569 619 2608 Pyrrh.
641 2579 673 2607 p.
692 2572 745 2603 4⁶2,
767 2571 818 2599 26.

108 2623 196 2651 seqq.
225 2629 270 2636 --
295 2613 343 2641 An
380 2612 526 2651 iutelligit
560 2612 820 2651 Cephisopllontis

109 2655 214 2689 filiam,
227 2666 258 2694 p.
274 2657 328 2691 51,
342 2659 394 2687 18.
416 2654 460 2684 At
471 2655 542 2684 huie
559 2655 743 2684 obveniebat
755 2659 821 2684 tan-

109 2704 171 2728 tum
197 2697 357 2727 dimidium
383 2699 449 2736 ejus
479 2698 560 2737 quod
585 2698 698 2727 actoris
722 2698 821 2727 mani.

109 2742 209 2779 Quare
231 2742 288 2770 hoc
311 2746 480 2776 teneamus,
504 2741 667 2779 legendum
688 2751 756 2770 esse
774 2741 820 2770 vel

110 2785 167 2819 sic,
190 2783 238 2812 vel
260 2784 297 2812 ad
322 2784 453 2813 eundem
477 2793 612 2818 sensum,
631 2785 680 2813 τὶν
702 2783 824 2822 ἀδελφὴ

112 2827 160 2855 τὴν
176 2826 263 2856 αὐτου
278 2824 377 2856 ἐκείνου
393 2827 431 2867 (i.
448 2837 476 2856 e.
492 2827 542 2856 τοῦ
558 2825 603 2856 τὸν
618 2828 712 2868 κλῆρον
727 2837 822 2856 κατα,-

112 2867 269 2907 λιπόντος),
285 2879 393 2910 nempe
405 2867 564 2899 Demoelis
578 2869 715 2904 viduam,
727 2879 760 2908 p.
770 2872 824 2905 51,

112 2914 164 2942 19.
196 2912 256 2941 Std
277 2913 350 2950 quid
372 2912 396 2942 si
419 2911 562 2951 γενομένην
588 2912 751 2952 significat,
774 2912 822 2942 the

111 2955 168 2984 late
179 2952 245 2993 wife
256 2953 351 2994 qf-fll
369 2955 528 2986 Democlis
539 2955 639 2985 uxor!
659 2956 683 2984 l
687 2956 738 2985 ide
752 2972 784 2979 —-
799 2972 821 2985 -.

1521 135 1562 175 ix

895 253 948 285 53,
965 251 1017 282 38.
1038 251 1225 290 λειτουργιῶν.
1252 247 1331 279 Vide
1351 259 1382 289 p.
1399 252 1452 286 54,
1474 251 1567 280 30-

893 338 947 372 53,
965 339 1017 366 40.
1033 335 1171 375 ἐξαίξετον
1186 335 1235 365 vel
1251 332 1439 374 ἔξαιξεθεῖσαν
1454 332 1567 365 Reink.

851 379 933 408 Illud
949 380 1060 409 malini.

895 424 947 458 54,
964 425 994 452 8.
1011 425 1061 452 18.
1088 421 1196 451 Priore
1215 422 1284 451 loco
1301 417 1338 455 οἷς
1357 419 1447 455 αὐτοὶ,
1463 424 1568 459 poste-

850 465 930 494 riore
957 463 993 499 οἷς
1019 465 1051 495 ἂν
1073 463 1158 502 οὗτοι,
1177 465 1246 495 Ald.
1270 469 1300 493 et
1321 468 1353 494 ut
1378 463 1504 493 videtur
1527 462 1567 493 B.

851 508 932 537 Illud
948 515 1042 538 recte.

893 552 946 587 54,
965 555 1015 582 ⁶20.
1034 562 1062 590 q.
1077 551 1108 581 Ξιν
1123 549 1390 600 κατεψηφίσατοῖ

894 596 947 630 54,
964 597 1015 625 26.
1032 595 1128 634 Lege,
1143 599 1252 634 παραλ.
1264 611 1305 615 -
1322 590 1390 632 ‘frag'
1404 592 1482 631 ὑμῶν
1494 590 1529 632 (i.
1538 602 1565 621 e.

851 635 1070 677 ψηφισαμὲνων,
1086 635 1162 678 wag*
1176 638 1253 675 ὑμῶν
1274 636 1429 675 accipere,
1446 635 1466 664 i.
1482 645 1509 663 e.
1526 635 1566 675 τῇ

850 681 902 719 ὑμ.
922 679 1099 721 ψηφῳ,ιίἀε
1112 691 1144 720 p.
1157 680 1210 715 54,
1223 682 1274 712 35
1280 678 1339 720 >ut
1352 678 1454 718 Hagn.
1468 688 1500 717 p.
1511 667 1565 714 87',

894 768 950 802 54,
960 769 1010 797 29.
1024 765 1092 807 [εἷς]
1105 766 1235 796 Διονύσιοι
1245 766 1381 806 χοξηγὲίν.
1390 763 1565 793 Vid.A1·ist.

852 809 933 840 Ach.
951 812 1046 839 1154.
1062 810 1114 839 sed
1133 809 1319 848 Apollodor.
1334 820 1366 858 p.
1381 809 1502 842 67,11.

895 852 1124 893 [305]55,17.
1142 852 1202 885 An.
1218 859 1285 882 Δικ.
1302 851 1383 890 μὲνό
1400 862 1448 880 του
1472 849 1498 879 ἐ.

897 895 1169 931 55,18.’ολυς·ἰσ.ς
1185 894 1235 924 ab’
1235 893 1374 929 ’,Ολυνθος
1389 899 1420 923 ut
1436 892 1564 945 Τξιηκορύ-

853 949 944 989 erma²
957 937 1137 990 Τξικόξυνθος,
1152 939 1250 968 Arist.
1262 939 1336 977 Lys.
1351 938 1446 967 1034.
1458 937 1509 970 τῆς
1520 935 1564 966 ’.O

852 982 911 1032 ²(Q.
936 979 1058 1010 Ἀλλυσ.
1054 979 1111 1021 ἀς)
1139 979 1163 1010 ἐν
1188 987 1233 1017 Σ,
1261 987 1294 1010 ut
1317 992 1368 1014 της
1382 978 1519 1012 Ἀττικῆς
1541 977 1566 1008 ἐν

852 1022 1001 1059 Ἐλευσινι,
1017 1030 1077 1054 etc.
1097 1024 1240 1063 Append.
1258 1023 1295 1052 ad
1321 1024 1394 1051 Pors
1399 1022 1448 1051 oni
1470 1022 1569 1052 Arist.

853 1076 884 1104 p.
913 1069 986 1096 144.
1019 1068 1060 1096 Et
1084 1066 1129 1095 sic
1153 1072 1236 1096 recte
1263 1066 1360 1095 intell.
1383 1064 1566 1094 Palmerius.

853 1109 974 1147 Nempe
1000 1108 1030 1137 in
1052 1119 1152 1147 pugna
1173 1109 1254 1146 apud
1279 1108 1421 1147 Thucyd.
1447 1108 1493 1136 11.
1510 1109 1565 1138 79.

853 1150 935 1180 Ante
959 1151 1034 1180 Xm.
1055 1153 1129 1181 4⁶29.
1174 1151 1235 1180 Sed
1256 1150 1295 1179 de
1316 1150 1504 1188 geographia
1520 1150 1567 1179 vi-

854 1194 991 1223 deamus.
1015 1193 1209 1224 Batzioeorum
1225 1199 1288 1223 erat
1306 1193 1468 1232 Spartolch,
1483 1193 1567 1222 'rhu-

854 1237 923 1275 cyd.
937 1237 958 1267 l.
974 1248 1001 1266 c.
1025 1238 1086 1266 Sed
1104 1247 1196 1276 quum
1209 1236 1310 1265 habita
1323 1236 1362 1265 sil
1378 1235 1473 1265 oratio
1490 1240 1566 1265 tem-

852 1290 928 1319 pore
951 1280 1025 1310 belli
1043 1290 1059 1309 a
1076 1280 1249 1310 Laconibus
1276 1284 1381 1309 contra
1401 1278 1568 1317 Olynthios

853 1324 1101 1362 suscepti,qunm
1113 1325 1174 1362 jam
1189 1322 1289 1352 vicina
1303 1323 1371 1352 loca
1383 1322 1569 1360 assumpsis-

854 1371 920 1395 sent
936 1366 965 1395 in
981 1366 1127 1395 ditionem
1145 1365 1287 1405 Olynthii
1305 1365 1469 1406 (Xenoph.
1487 1365 1567 1394 Hel-

852 1408 911 1438 len.
922 1409 962 1439 V.
977 1410 1007 1438 2.
1024 1413 1074 1438 11.
1090 1407 1186 1449 eto),
1200 1413 1281 1438 recle
1293 1408 1403 1438 Isaeus.
1420 1407 1568 1447 [Etiamsi

853 1452 912 1482 hoc
928 1452 1017 1481 aliter
1027 1463 1060 1482 se
1072 1452 1211 1488 haberet,
1223 1451 1313 1481 facile
1327 1451 1428 1491 potuit
1441 1451 1567 1480 confun-

854 1495 927 1524 dere
949 1496 1168 1534 geographiam
1191 1500 1312 1524 orator:
1338 1494 1411 1523 vide
1432 1493 1566 1523 Boisso-

854 1539 931 1568 nade
948 1539 996 1568 Cl.
1013 1539 1043 1569 J.
1060 1539 1117 1568 N0.
1133 1540 1185 1568 34.
1202 1548 1234 1577 p.
1251 1537 1342 1577 380]
1368 1538 1506 1575 Pugnam
1525 1537 1564 1566 ad

853 1581 1027 1611 Eleusinem
1053 1582 1165 1611 nullam
1195 1581 1278 1615 novi,
1301 1580 1361 1610 nisi
1388 1590 1455 1619 quae
1482 1590 1565 1609 com-

852 1625 947 1654 missa
961 1630 1008 1654 est
1024 1635 1094 1654 oum
1107 1621 1214 1654 XXX
1228 1623 1375 1663 tyrannis,
1386 1628 1458 1662 post
1468 1623 1566 1652 Thra-

853 1667 1146 1706 sybulietexsulum
1156 1667 1289 1697 reditum
1301 1677 1339 1696 ex
1351 1665 1565 1701 Piraeeo(Xe-

851 1711 944 1750 noph.
961 1710 1086 1741 Hellen.
1104 1711 1150 1740 11.
1172 1713 1203 1740 4.
1218 1712 1272 1740 43.
1296 1710 1345 1739 Ne
1361 1714 1422 1738 tum
1441 1709 1566 1748 quidem

852 1758 1016 1792 pugnatum
1034 1764 1101 1784 esse
1112 1754 1252 1783 videtur:
1270 1752 1342 1782 vide
1355 1753 1428 1791 Lys.
1444 1763 1477 1791 p.
1489 1754 1564 1781 767.

855 1797 979 1836 Reisk.)
1006 1797 1133 1832 Cnidus,
1160 1796 1201 1826 A.
1228 1795 1266 1827 C.
1297 1798 1370 1826 394.
1411 1794 1568 1832 Intelligit

851 1840 997 1871 Jonesius
1013 1850 1144 1879 pugnam
1161 1840 1198 1869 ad
1217 1839 1343 1878 Symen,
1358 1838 1454 1868 Thac.
1471 1838 1568 1867 VlIl.

853 1887 905 1914 42.
929 1884 1087 1913 Potuisset
1102 1893 1172 1912 sane
1184 1882 1248 1912 dici
1259 1883 1317 1911 ista
1328 1891 1428 1922 pugna
1438 1880 1464 1910 ἐν
1472 1879 1565 1920 Κνίδῳ,

854 1927 955 1956 sedne
966 1936 1033 1956 cum
1045 1926 1245 1956 celeberrima
1257 1925 1310 1955 illa
1322 1926 1397 1954 A.c.
1408 1926 1481 1956 394.
1494 1934 1568 1952 con-

854 1970 1043 2004 funderetur,
1057 1969 1191 1998 dixisset
1202 1968 1307 2007 potius
1319 1972 1419 1996 orator
1427 1966 1495 2005 ωεξὶ
1509 1965 1568 1995 Κνί-

855 2011 908 2047 δον,
920 2016 952 2040 ut
963 2011 1025 2051 περὶ
1037 2009 1097 2040 Χίον
1108 2011 1239 2041 Philoct.
1250 2012 1339 2049 p.59,
1354 2012 1384 2039 4.
1397 2009 1531 2045 Deinde,
1541 2010 1568 2039 si

855 2054 942 2084 istam
956 2064 1103 2093 pugnam,
1119 2053 1192 2083 belli
1208 2053 1412 2091 Peloponnes.
1428 2062 1504 2081 auno
1516 2055 1569 2083 20.

856 2097 904 2126 vel
931 2100 984 2127 21.
1007 2096 1168 2135 intelligis,
1190 2096 1343 2135 quomodo
1367 2095 1452 2124 οὐσῶν
1475 2095 1567 2131 δικῶν,

855 2151 884 2179 p.
908 2142 963 2175 51,
992 2140 1043 2169 ΞΛ
1076 2149 1142 2168 nani
1171 2139 1365 2168 intercedunt
1389 2138 1566 2177 eligarcbiae

855 2183 973 2220 ambae,
1005 2182 1118 2223 quibus
1147 2182 1327 2213 durantibus
1353 2182 1567 2212 conticuerunt

848 2269 977 2308 judicia.
1025 2270 1108 2307 Quid
1123 2271 1149 2300 si
1166 2271 1315 2309 legamus,
1333 2254 1567 2300 G'NAAffiioem

851 2313 1007 2353 (Thucyd.
1032 2314 1059 2344 I.
1088 2316 1161 2344 105.
1190 2313 1356 2351 Inscriptio
1378 2313 1461 2342 Bibl.
1486 2313 1567 2350 Reg.

855 2357 954 2386 Paris.
976 2357 1057 2386 Vide
1078 2357 1189 2386 Fastos
1213 2367 1285 2386 mss.
1309 2357 1347 2386 ad
1370 2356 1498 2394 Olymp.
1515 2358 1568 2390 80,

854 2400 901 2433 Q.)
919 2399 1037 2429 incidet
1050 2404 1112 2429 tum
1128 2400 1232 2439 proavi
1247 2409 1328 2428 mors
1342 2398 1420 2428 inter
1432 2408 1480 2428 res
1494 2399 1569 2427 Per-

853 2442 933 2472 sicas
952 2448 983 2472 et
1005 2443 1118 2472 bellum
1145 2442 1462 2481 Peloponnesiacum3
1487 2442 1570 2480 quod

853 2485 917 2514 fere
947 2490 1126 2525 exspectes.
1143 2502 1187 2508 —-
1203 2485 1400 2524 Ineptissime
1427 2484 1570 2514 Ὀπύντιοι

853 2528 1011 2564 Jonesius‚
1037 2539 1068 2568 p.
1096 2531 1150 2564 55,
1178 2529 1229 2559 35.
1253 2528 1491 2568 (Corrigendum
1518 2527 1566 2556 vel

854 2569 922 2600 δέκα
937 2582 968 2612 p.
985 2574 1039 2608 51,
1052 2575 1084 2603 3.
1102 2573 1150 2601 vel
1169 2571 1273 2601 δώδεκα
1288 2582 1319 2610 p.
1331 2572 1384 2606 54,
1401 2573 1454 2600 27.
1470 2580 1570 2608 neque

856 2614 1028 2652 fingendum
1045 2615 1074 2644 in
1088 2615 1286 2653 possessione
1300 2614 1449 2644 mansisse
1466 2613 1569 2643 Dicae-

856 2667 984 2696 ogenem
1002 2667 1056 2696 per
1069 2658 1174 2687 decem
1186 2657 1256 2688 alios
1268 2667 1364 2687 annos
1374 2662 1488 2696 postea
1501 2666 1569 2694 quae

856 2705 1014 2731 narrantur
1030 2711 1061 2739 p.
1079 2703 1132 2736 51,
1147 2702 1178 2730 3.
1192 2700 1270 2741 etc.)
1296 2700 1374 2730 Haec
1391 2699 1498 2729 referri
1511 2709 1568 2728 non

856 2748 986 2782 possunt
1009 2745 1045 2773 ad
1070 2744 1183 2773 bellum
1208 2744 1240 2773 id
1264 2743 1347 2783 quod
1371 2744 1570 2773 subsecutum

857 2792 916 2822 est,
931 2788 969 2816 A.
980 2787 1016 2816 C.
1030 2789 1106 2818 378.
1121 2787 1168 2816 vel
1187 2788 1261 2816 377.
1299 2787 1378 2815 Nam
1395 2791 1456 2816 tum
1473 2786 1569 2814 Laco-

856 2829 946 2860 nibus
960 2840 1047 2869 opem
1060 2830 1158 2859 tulere
1172 2828 1308 2868 Olynthii
1320 2828 1482 2869 (Xenoph.
1493 2827 1571 2856 Hel-

857 2872 916 2902 len.
935 2874 971 2902 V.
989 2876 1020 2904 4.
1037 2873 1108 2910 54.)
1124 2873 1185 2902 Sed
1201 2873 1299 2902 fateor
1318 2882 1364 2901 me
1382 2881 1439 2900 non
1457 2869 1570 2900 intelli-

857 2925 928 2954 gere
946 2917 1001 2945 ista
1019 2927 1048 2955 p.
1067 2918 1120 2951 51,
1132 2916 1250 2947 3—15.
1274 2916 1313 2944 de
1331 2914 1493 2954 συμφοραῖς
1509 2918 1568 2943 etc.

857 2969 924 2995 quae
957 2959 1058 2989 verbis
1087 2969 1171 2998 put-ne
1209 2957 1384 2988 solennibus
1420 2962 1570 2995 conceptu

863 3001 878 3029 b
