1981 3255
353 227 435 267 524
779 225 1186 267 HAUPTMANNI
1225 226 1351 267 E'rc.

351 347 428 378 tate
441 340 655 389 judicandi,
676 346 834 390 propter
848 341 1011 378 animum
1031 344 1080 378 ab
1100 341 1369 378 accusantibus
1387 346 1530 377 motum
1545 344 1576 386 ξ.
1595 345 1649 386 6.,
1663 345 1703 377 et
1716 353 1781 389 ap-

348 402 553 451 plicatione
569 415 614 439 ne
631 401 718 439 hinc
735 401 972 439 redundante
991 402 1154 446 cantela,
1176 414 1222 438 ne
1243 413 1326 438 reos
1341 401 1480 449 injuste
1499 399 1680 437 damnent
1697 404 1727 446 ἓ.
1741 404 1778 439 7„

346 474 368 498 a
389 462 613 512 magnanimi
635 462 787 499 tandem
808 463 1006 511 proposito
1026 462 1222 504 moriendi,
1238 463 1267 498 si
1284 462 1340 498 vel
1356 462 1497 498 crimen
1520 461 1662 498 haereat
1677 464 1706 506 ξ.
1727 465 1778 506 8.,

346 522 405 559 vel
422 523 578 572 publica
597 523 697 560 salus
716 523 752 560 id
775 524 940 572 requirat
962 527 990 569 ξ.
1012 529 1050 562 9.
1087 523 1222 573 Capita
1240 523 1291 559 11.
1310 523 1488 572 Captatio
1505 522 1778 559 benevolentiae

345 583 576 633 principium
607 597 691 620 cum
718 584 837 620 altera
862 590 970 633 parte
998 584 1208 622 connectit.
1262 583 1358 620 Cum
1388 583 1486 621 enim
1512 584 1648 621 cedere
1681 584 1779 621 nolit

345 651 473 682 orator
491 645 750 682 accusantium
767 644 1079 694 vaniloquentiae;
1110 645 1207 694 petit
1224 644 1455 681 audientiam
1475 648 1505 692 ξ.
1524 649 1584 683 10.
1601 645 1779 695 gratiam-

346 717 420 754 que
448 704 594 755 flagitat
615 706 651 742 in
681 706 814 742 timore
834 709 863 752 ξ.
893 710 952 742 11.
1008 706 1134 743 Timet
1157 705 1326 755 quidem,
1352 718 1426 742 non
1447 718 1573 742 causae
1591 719 1684 751 suae,
1709 707 1776 743 sed

344 778 391 803 ne
415 765 602 803 calliditas
631 765 931 803 adversariorum
951 766 1148 816 judicibus
1178 767 1348 815 imponat
1376 769 1406 812 ξ.
1428 769 1490 803 12.
1545 766 1622 815 Spe
1648 772 1777 804 tamen

344 826 479 863 horum
505 826 666 875 justitiae
699 826 818 864 fultus
850 831 882 873 ξ.
909 830 972 864 13.
1006 827 1098 864 alias
1125 827 1239 864 etiam
1269 832 1524 872 accusatores,
1553 827 1620 876 qui
1644 826 1780 865 fecisse

343 886 459 924 fidem
474 887 742 932 credebantur,
762 887 798 924 in
819 888 1005 937 pudorem
1025 887 1222 936 conjectos
1239 900 1322 925 esse
1338 893 1535 933 memorat,
1555 886 1658 936 quod
1674 900 1783 937 aeque

338 949 422 998 jam
448 949 528 986 fore
547 949 707 987 confidit
735 953 766 996 ξ.
796 954 856 987 14.
913 950 1036 1000 Ipsius
1061 948 1238 986 oratoriae
1267 948 1588 989 narrationis.tria
1614 949 1784 986 membra

344 1011 503 1060 reperio.
559 1012 729 1054 Scilicet,
749 1012 875 1061 capite
896 1012 968 1049 ΙΙΙ.
992 1012 1041 1049 de
1061 1011 1391 1050 administratione
1414 1010 1648 1060 reipublicae,
1670 1023 1783 1061 quam

344 1074 380 1111 in
397 1074 557 1111 transitu
577 1074 835 1124 vituperarant
850 1081 1087 1119 accusantes,
1107 1074 1198 1112 dum
1217 1074 1266 1111 ab
1286 1073 1380 1124 ipsis
1400 1073 1514 1110 initiis
1534 1086 1573 1111 se
1589 1073 1781 1111 dicturum

344 1134 550 1184 profitetur
568 1139 599 1182 ξ.
621 1140 690 1173 15.
718 1137 876 1185 primam
899 1142 1053 1173 aetatem
1081 1148 1184 1172 suam
1212 1134 1399 1184 designat,
1430 1140 1611 1184 tanquam
1637 1147 1781 1184 paupe-

344 1208 436 1241 rem,
463 1197 530 1234 sed
557 1198 796 1235 innocentem
824 1201 854 1245 ξ.
876 1202 940 1236 16.
958 1202 1021 1238 1¹7.
1051 1198 1235 1247 deinceps
1263 1196 1329 1241 ait,
1358 1209 1398 1233 se
1424 1208 1498 1232 non
1526 1195 1779 1233 caussidicum

343 1258 533 1306 privatum
560 1258 688 1305 fuisse,
714 1259 780 1296 sed
808 1259 844 1296 in
872 1267 1005 1297 senatu
1034 1258 1174 1296 dixisse
1193 1262 1223 1305 ξ.
1245 1261 1322 1303 18.,
1342 1269 1567 1306 semperque
1588 1256 1781 1294 communi

341 1316 508 1356 civitatis
530 1319 685 1357 utilitati
704 1319 938 1357 consuluisse
958 1324 988 1366 ξ.
1013 1321 1073 1356 19.
1097 1326 1232 1369 postea
1251 1332 1291 1355 se
1317 1330 1451 1368 pacem
1475 1318 1615 1355 Atticis
1640 1318 1778 1355 saluta—

342 1390 418 1415 rem
440 1379 632 1430 pepigisse
651 1384 681 1427 ξ.
701 1384 781 1426 2Ο.,
803 1393 874 1416 non
897 1393 1053 1417 munera
1071 1379 1277 1429 captando,
1299 1379 1366 1416 sed
1393 1378 1609 1415 necessitati
1628 1379 1778 1428 prospi-

341 1439 479 1476 ciendo
505 1444 533 1486 ξ.
561 1444 624 1478 21.
655 1442 827 1490 quamvis
857 1441 1134 1479 humanitatem
1166 1440 1277 1477 simul
1305 1439 1473 1489 Philippi
1506 1452 1613 1488 reges
1647 1440 1777 1477 laudet·

340 1503 370 1545 §-
389 1502 452 1546 22.
509 1501 641 1538 Altero
667 1500 851 1545 membro,
877 1502 1003 1551 capite
1030 1501 1114 1547 1V.,
1133 1501 1325 1546 miscetur,
1346 1512 1432 1536 mox
1453 1500 1672 1537 Alexandro
1697 1501 1774 1549 regi

339 1560 427 1609 plus
464 1573 577 1611 aequo
615 1574 689 1598 non
726 1573 871 1611 paucos
909 1562 1085 1598 adulatos
1124 1574 1205 1598 esse
1242 1563 1275 1606 ξ.
1313 1563 1377 1598 23.
1433 1560 1612 1598 Lacones
1649 1566 1775 1598 autem

339 1626 378 1657 et
398 1622 546 1660 Atticos
572 1622 777 1660 debiliores
805 1629 896 1659 tunc
924 1622 1037 1659 fuisse
1066 1626 1096 1668 §-
1115 1625 1180 1658 24.
1203 1634 1291 1658 cum
1317 1621 1511 1658 Laconum
1539 1621 1655 1658 robur
1678 1621 1774 1658 Leu-

339 1680 459 1718 ctrica
478 1693 604 1731 pugna
626 1684 656 1727 ξ.
677 1684 742 1719 25.
773 1681 1063 1719 Atheniensium
1091 1682 1166 1717 alia
1191 1681 1321 1729 praelia
1340 1685 1370 1727 ξ.
1391 1686 1456 1720 26.
1503 1682 1773 1719 Thebanorum
1817 1711 1819 1714 .

339 1753 451 1790 aeque
476 1741 588 1778 variae
615 1741 863 1785 calamitates,
891 1741 1069 1789 fregerint
1097 1745 1128 1787 ξ.
1156 1743 1218 1780 27.
1246 1741 1335 1778 elati
1363 1753 1450 1778 vero
1477 1741 1617 1779 fuerint
1642 1743 1775 1780 animis

339 1801 590 1846 Macedones,
626 1801 786 1840 Persicis
816 1801 897 1850 jam
930 1801 1069 1851 opibus
1103 1797 1354 1847 inhiantes'§.
1374 1804 1436 1839 28.
1493 1802 1601 1839 Tunc
1632 1803 1772 1840 Demo—

339 1864 510 1901 sthenem
544 1863 683 1901 bellum
719 1863 931 1901 decrevisse
960 1866 990 1909 ξ.
1014 1867 1079 1901 29,
1111 1875 1150 1899 se
1179 1874 1283 1908 vero,
1314 1862 1493 1912 plurimas
1529 1863 1619 1900 inde
1653 1877 1771 1902 noxas

338 1924 650 1974 contemplatum,
672 1924 837 1974 signasse
863 1936 994 1972 pacem
1015 1927 1044 1969 ξ.
1062 1927 1126 1960 30.
1181 1922 1295 1965 Quod
1318 1935 1357 1959 se
1375 1922 1618 1960 laudabiliter
1637 1923 1771 1962 fecisse

336 1998 416 2035 prae
447 1998 486 2023 se
519 1985 615 2024 fert:
656 1984 746 2034 quia
775 1984 966 2022 declinare
999 1989 1264 2033 tempestatem
1300 1990 1468 2033 praestet,
1502 1996 1617 2033 quam
1646 1985 1772 2023 subire

336 2049 368 2093 ξ.
385 2051 448 2084 31.
505 2047 640 2097 ltaque
659 2046 891 2096 deprecatur
909 2045 996 2083 inde
1017 2051 1234 2083 nascentem
1255 2043 1515 2089 offensionem,
1537 2058 1621 2082 cum
1642 2058 1773 2083 suasor

336 2109 553 2156 neutiquam
582 2110 619 2146 iu
648 2113 840 2159 potestate
865 2107 1057 2145 fortunam
1092 2107 1231 2144 habeat
1253 2110 1282 2153 ξ.
1300 2109 1365 2144 32.
1391 2119 1458 2144 nce
1485 2113 1657 2152 eventus,
1679 2108 1771 2157 quin

335 2170 459 2218 potius
479 2183 539 2208 res
560 2170 595 2207 in
618 2182 713 2214 sese,
733 2169 968 2207 considerari
990 2175 1178 2206 mereatur
1197 2172 1229 2215 ξ.
1246 2172 1309 2205 33.
1334 2172 1397 2205 34.
1454 2169 1632 2206 Membro
1658 2168 1773 2206 tertio

335 2232 414 2267 sive
435 2242 520 2280 cap.
537 2231 584 2267 V.
606 2231 759 2268 tertium
778 2230 990 2280 periculum
1010 2235 1252 2275 memoratur,
1271 2229 1320 2266 ab
1340 2229 1555 2266 oratoribus
1577 2235 1668 2267 tunc
1687 2229 1769 2267 illa-

334 2297 412 2328 tum
441 2295 471 2337 ξ.
492 2295 571 2336 35.,
597 2304 683 2328 cum
710 2291 989 2328 Demosthenes
1014 2296 1053 2327 et
1082 2291 1279 2340 Lycurgus
1305 2289 1492 2333 dicerent,
1515 2289 1772 2328 Alexandrum

334 2351 433 2389 inter
451 2352 639 2388 Triballos
657 2364 738 2389 esse
754 2352 909 2398 victum,
925 2352 1038 2388 immo
1053 2350 1277 2388 defunctum
1297 2354 1328 2396 ξ.
1347 2354 1411 2388 36.
1427 2358 1465 2387 et
1486 2363 1580 2388 vana
1596 2364 1676 2400 spe,
1697 2358 1771 2388 tam

334 2413 517 2462 populum
556 2426 671 2462 quam
706 2413 916 2450 Thebanos
954 2412 1113 2450 Athenis
1151 2418 1338 2456 versatos,
1377 2411 1595 2454 delinirent:
1636 2418 1769 2449 contra

335 2473 545 2511 Demadem
571 2474 746 2512 odiosum
767 2473 925 2512 reddere
945 2474 1162 2511 laborarent
1181 2477 1212 2520 ξ.
1231 2476 1295 2513 37.
1353 2473 1411 2510 Ita
1431 2473 1587 2523 quidem
1612 2473 1674 2510 hic
1698 2486 1768 2510 nec

335 2539 414 2571 tota
443 2534 608 2571 narratio
638 2535 789 2585 legitur,
814 2534 955 2572 nedum
986 2534 1138 2571 uberior
1160 2534 1347 2580 defensio,
1372 2546 1442 2584 pro
1462 2533 1642 2583 longioris
1670 2533 1766 2571 illius

333 2594 476 2632 exordii
505 2595 737 2634 conditione.
795 2596 871 2633 Sed
908 2598 1031 2646 ipsum
1066 2595 1276 2641 audiamus,
1297 2595 1354 2633 vel
1381 2596 1524 2639 fictum,
1547 2594 1603 2631 vel
1632 2606 1762 2632 verum

336 2655 559 2694 Demaden).

1964 2573 1975 2836 0-—2-422‘4-4
