1981 3255
595 163 677 204 AD
711 161 927 202 PAGUM

224 277 302 307 mine
324 278 361 306 ad
387 278 480 307 Hom.
503 276 593 306 Iliad.
615 275 640 306 ι’.
665 286 733 315 pag.
758 277 850 306 16:37.
868 278 921 306 30.

225 319 298 350 edit.
316 320 405 349 Rom.
449 319 588 349 Athenaei
615 321 706 348 verba
734 318 798 347 haec
832 323 920 348 sunt:

226 363 305 391 ἀλλὰ
319 362 374 401 μὲν
388 363 400 392 o‘
416 362 600 401 Πλούταξχος
615 360 666 400 ἔφη
682 361 758 390 κατὰ
770 359 815 389 τὸν
836 361 922 390 Φλιά-

227 416 284 434 σιον
311 406 421 436 ποιητὴν
446 403 590 444 Πρατίναν,
612 404 640 433 οὗ
666 406 718 441 γᾶν
744 402 924 442 αὑλακισ-μὲν

227 447 332 487 ἀνδρῶν,
347 449 426 477 ἀλλὰ
448 447 552 484 σκύφον
571 446 726 486 μαστεύων
747 447 922 485 κυλικηγοξῆ-

228 501 283 519 cmv
308 490 438 530 ἔρχομαι.
472 489 680 525 Casaubonus,
705 491 734 518 in
761 488 924 518 Animadv.

227 542 297 571 pag.
307 535 380 563 490.
394 532 582 563 emendavit:
607 533 636 561 οὔ
651 533 704 570 γᾶς
714 530 926 570 αὖλακισμὲνας

228 573 299 614 {gam
313 575 392 604 ἀλλὰ
407 587 438 604 c.
454 587 491 614 μ.
506 586 534 604 κ.
550 585 571 603 ε.
617 575 651 604 In
668 573 832 613 Excerptis
849 575 927 604 Hoe-

229 618 390 648 schelianis
412 618 573 647 scribitur:
598 618 626 647 οὐ
647 619 698 656 γιῖν
718 616 925 656 αὐλακισμένην

227 661 307 690 ἀλλὰ
320 660 425 700 σκύφον
438 673 475 700 μ.
519 661 578 690 Sed
597 661 784 699 Epitomator
800 665 832 688 ut
847 661 925 690 solet

227 713 310 732 more
346 714 414 750 suo,
442 703 572 733 Pratinae
610 703 706 732 locum
745 702 925 738 immutavit,

228 745 414 785 praeoipuum
449 746 531 775 illius
570 747 694 775 verbum
732 746 924 784 excerpsisse

227 794 397 818 contentus.
441 789 539 818 Miror
552 788 703 827 quomodo
726 792 771 818 tot
798 788 924 818 difficul-

227 835 305 860 tates
331 831 431 861 enasci
467 831 621 870 potuerint
651 842 667 860 e
700 831 800 860 verbis
835 831 922 861 facile

228 874 430 904 emendandis.
472 874 595 903 Scribe:
620 873 648 903 οὐ
672 875 723 911 γᾶν
743 873 920 913 αὐλακισμέ-

227 926 272 946 ναν
282 916 387 955 ἀνδρῶν,
409 917 488 947 ἀλλὰ
500 915 602 955 σκύφον
618 916 760 955 ματεύων,
776 923 920 954 κυλικηγο·

226 959 312 998 gio-002
326 958 458 1000 ἔρχομαι.
493 959 630 998 Hesyeh.
654 959 802 999 ματεύειν,
822 958 922 999 ζητέιν.

228 1001 271 1031 sic
292 1005 323 1031 et
343 1002 445 1031 Schol.
463 1002 569 1032 Venet.
590 1003 626 1031 ad
643 1002 733 1032 Iliad.
749 1001 785 1042 ξ’.
800 1013 832 1042 p.
846 1004 920 1033 334.

226 1044 286 1073 c-nf.
315 1045 456 1083 Sophocl.
501 1046 573 1075 (Ed.
603 1045 675 1084 Tyr.
704 1048 796 1075 1171.
828 1049 920 1076 1182.

226 1086 363 1126 AEschyl.
376 1087 513 1127 Choeph.
526 1090 598 1118 398.
608 1090 679 1119 892.
692 1094 752 1118 etc.
774 1088 920 1119 Ultimum

225 1131 304 1167 quod
321 1130 450 1160 innotuit
461 1131 533 1160 mihi
549 1131 745 1171 fragmentum
757 1142 772 1160 e
791 1131 920 1161 Pratinae

221 1172 407 1202 'carminibus
433 1174 512 1212 apud
542 1174 718 1205 Athenaeum
744 1174 827 1210 latet,
851 1174 919 1205 Lib.

222 1213 270 1245 XI
278 1215 313 1245 V.
329 1225 358 1254 p.
373 1217 446 1247 633.

959 163 1274 208 TRIOPIUM.
1570 171 1652 212 599

1039 295 1136 324 Λάκων
1151 296 1162 324 ὁ
1178 296 1280 337 τέττιξ
1292 299 1409 341 εύτυχος
1424 300 1461 334 εἷς
1471 301 1556 342 χορόν.

957 362 1079 391 verbum
1096 361 1213 404 εὔτυχος
1233 375 1289 394 non
1314 376 1418 396 sanum
1437 378 1504 398 esse
1518 370 1579 406 jam
1596 369 1652 400 Ca-

956 406 1104 434 saubonus
1113 406 1372 443 observavit,cum
1384 411 1546 451 Excerptis
1555 412 1654 451 itaque

956 447 1115 486 legendum
1131 455 1254 478 censet:

1041 507 1137 537 Λάκων
1150 507 1162 537 ὁ
1176 507 1281 548 τέττιξ
1296 510 1406 544 εὔτυκος
1418 512 1455 545 εἷς
1468 513 1554 554 χορόν.

959 576 1007 605 vel
1017 575 1159 611 εὔτυκτος.
1187 576 1286 608 Lacon
1305 584 1343 608 est
1367 580 1491 609 musicus
1511 587 1596 620 aptus
1614 583 1652 612 ad

956 617 1081 648 choreaS.
1125 619 1258 650 Omnino
1273 621 1384 656 εὔτυκος
1399 623 1445 652 vel
1461 622 1592 657 εὕτυκτος
1606 629 1653 654 est

958 671 1012 699 pro
1025 661 1178 696 εὔτευκτος.
1196 663 1263 692 Vid.
1277 663 1402 694 Homer.
1420 665 1507 695 Iliad.
1525 665 1563 703 γ’.
1577 669 1652 697 336.

957 702 988 733 o'.
1005 706 1078 734 480.
1102 706 1203 744 Etym.
1217 706 1285 736 MS.
1300 707 1430 737 εὔτυκτον
1440 726 1480 730 ——
1492 712 1585 743 καλῶς
1600 721 1652 738 κα·

956 747 1185 787 τεσκευασμὲνον.
1225 750 1345 779 Omisso
1361 762 1381 779 τ
1399 751 1428 780 in
1449 751 1567 788 ultima,
1584 752 1609 788 ὅ,
1626 752 1651 787 ἦ,

956 790 1074 825 εὔτυκος.
1098 791 1273 822 Callimacb.
1287 794 1362 823 Lav.
1375 792 1493 824 Pallad.
1508 797 1561 825 37.

1042 867 1052 872 -
1071 867 1083 872 -
1099 866 1111 872 —
1129 867 1140 872 -
1155 850 1204 880 καὶ
1221 852 1240 880 αἱ
1252 850 1315 885 θεὸς
1327 852 1438 886 εὔτυκος
1455 852 1547 893 ἕρπει.

956 916 1018 946 vid.
1034 917 1076 947 ibi
1091 917 1226 957 Interpp.
1243 919 1300 948 cnf.
1311 919 1448 958 AEschyl.
1460 921 1564 959 Suppl.
1580 924 1651 953 981.

956 962 1053 989 1001.
1073 966 1104 990 et
1122 961 1169 990 Cl.
1190 961 1313 997 Schiitz,
1335 963 1372 992 ad
1390 962 1422 992 ll.
1443 974 1487 992 ce.
1501 964 1600 1003 Toup.
1621 965 1652 995 in

955 1003 1090 1042 Hesych.
1107 1004 1144 1033 Τ.
1157 1003 1219 1033 111.
1239 1015 1268 1043 p.
1280 1006 1351 1035 357.
1378 1006 1474 1035 Deest
1490 1011 1586 1037 tamen
1603 1008 1649 1037 vel

955 1045 1000 1074 sio
1016 1046 1117 1076 versui
1129 1047 1255 1087 syllaba,
1267 1057 1354 1086 quam
1367 1049 1524 1088 supplevit
1537 1050 1652 1080 Wake-

954 1088 1035 1125 field,
1048 1089 1123 1119 Silv.
1139 1090 1244 1119 Critic.
1261 1091 1296 1119 T.
1310 1091 1356 1120 11.
1370 1101 1439 1131 pag.
1453 1094 1504 1122 36.

997 1148 1094 1178 Λάκων
1108 1150 1120 1178 ὁ
1136 1148 1237 1188 τέττιξ
1251 1149 1363 1184 εὔτυκός
1378 1149 1454 1180 ἐστιν
1469 1151 1506 1186 εἰς
1519 1151 1607 1194 χοςόν.

954 1217 1003 1246 ubi
1019 1227 1136 1247 versum
1153 1217 1272 1248 erudite
1286 1218 1459 1249 illustrarit.
