1981 3255
157 264 248 308 οὖν
299 266 426 319 ὑμᾶς
476 263 791 318 συγγνώμην
843 260 996 317 ἔχειν,
1042 278 1080 302 ει
1128 264 1205 303 καὶ
1259 260 1506 313 νεώτερος
1552 258 1618 301 ὢν

157 323 332 378 λέγειν
379 323 456 364 ἐπὶ
510 319 843 374 δικαστηρίου
890 316 1186 371 τετόλμηκα·
1237 313 1315 358 διὰ
1351 316 1449 370 γὰρ
1502 318 1620 364 τοὺς

160 378 463 424 ιἰὸικοῦντας
496 375 855 432 ἀναγκάζομαι
890 377 1023 431 παρὰ
1056 376 1145 416 τὸν
1178 376 1391 429 ἐμαυτοῦ
1426 374 1621 428 τρόπον

158 437 399 479 τοιοῦτόν
437 453 482 476 τι
527 440 708 477 ποιεῖν.
759 434 1070 488 πειράσομαι
1116 429 1151 474 δ’
1196 433 1313 485 ὑμῖν
1353 429 1404 478 ἐξ
1444 436 1620 486 ἀρχῆς,

161 496 225 543 ὡς
271 494 328 536 ἂν
378 491 602 547 δύνωμαι
656 490 738 533 διὰ
788 489 1135 547 βραχυτάτων
1182 491 1342 532 εἰπεῖν
1386 491 1501 544 περὶ
1535 490 1622 528 τοῦ

160 552 482 622 πράγματος.

156 620 159 621 ’
318 609 433 656 Τίς
413 628 464 650 αν
486 607 561 649 οὗν
586 608 659 649 οὐκ
689 607 740 649 ἂν
769 604 1053 679 ὁμολογήσειε,
1074 604 1148 646 τὸν
1167 606 1241 658 μὲν
1263 605 1420 644 Λυσίου
1442 603 1538 644 νέον
1559 604 1624 643 καὶ

163 664 324 715 ἰδιώτην
346 670 410 708 καὶ
434 666 684 720 ἀπράγμονα
713 664 953 736 ἀρχέτυπόν
968 680 1058 704 τινα
1079 663 1181 704 εἰναι
1208 667 1280 709 τῆς
1309 658 1518 709 ἀληθείας,
1541 657 1625 701 δια-

163 726 338 780 φέροντα
370 726 520 772 ἐκείνης
554 720 639 764 οὐδ
668 725 819 764 ὁτιοῦν
841 720 953 763 rbv‘'
937 738 1074 776 ετερον
1104 718 1144 761 δὲ
1171 718 1420 773 ἀπόγραφόν
1439 736 1530 759 τινα
1561 719 1625 758 καὶ

163 782 213 823 οὐ
234 782 549 828 λανθάνοντα,“
536 782 597 823 ότι
612 777 878 822 πέπλασται
848 781 1048 834 ρητορικῇ
1065 779 1215 833 τέχνη·
1206 809 1216 828 ,
1246 795 1308 817 και
1329 794 1412 831 γαρ
1433 776 1473 816 αἱ
1494 772 1627 822 λέξεις

164 842 226 881 καὶ
248 839 297 880 τὰ
322 840 502 892 νοήματα
532 856 614 894 παρ
647 839 780 892 ἐκείνοι)
812 840 885 890 μὲν
913 837 960 878 τὸ
992 836 1206 890 αὐτοφυὲς,
1229 851 1342 889 παρα
1364 831 1405 875 δὲ
1428 834 1559 887 τούτῳ
1579 833 1626 874 τὸ
1645 837 1723 872 325

165 897 485 937 κατασκευαστὸν
506 895 820 950 ἀποφαίνουσιν·
863 897 886 936 ὁ
906 897 979 947 μὲν
998 894 1080 949 γὰρ
1098 893 1210 948 ἀρχῇ
1229 893 1431 947 κέχρηται,
1453 892 1514 932 ὅτι
1534 891 1628 938 νέος

164 971 205 994 τε
227 955 290 994 καὶ
313 952 480 1007 ἄπειρος
501 952 556 1001 ε’ίη
578 970 833 1007 πραγμάτων
856 955 919 992 καὶ
938 949 1058 992 οὐδὲν
1079 949 1272 1004 δεόμενος
1291 951 1349 996 εἰς
1371 946 1629 1003 δικαστήριον

166 1012 339 1059 εἰσιέναι,
371 1013 435 1050 καὶ
466 1012 637 1062 ἐπιφέρει
665 1010 773 1050 πάνυ
809 1007 974 1056 ηθικῶς,
1004 1007 1131 1062 Ἐγὼ
1165 1006 1256 1049 οὖν
1296 1024 1347 1047 σε
1388 1004 1526 1054 ἀξιῶ,
1565 1006 1629 1059 μὴ

166 1066 349 1119 εὕρεμα
393 1066 633 1138 ἡγεῖσθαι
670 1066 760 1112 τὴν
804 1064 1012 1112 ἡλικίαν
1056 1066 1147 1112 τὴν
1187 1065 1322 1116 ἐμὴν,
1358 1066 1422 1105 καὶ
1453 1063 1501 1104 τὸ
1532 1062 1631 1115 μετὰ

165 1127 301 1172 τοῦτο,
323 1123 380 1170 ὡς
402 1124 524 1177 φύσιν
547 1121 631 1179 εἶχε
650 1123 840 1176 γενέσθαι
860 1139 900 1162 τε
922 1123 985 1162 καὶ
1005 1118 1199 1175 ῥηθῆναι,
1221 1119 1389 1174 λέγει,τ
1368 1138 1425 1167 ως
1446 1122 1509 1161 επὶ
1532 1118 1632 1162 διαι-

166 1181 290 1229 τητὰς
318 1178 463 1229 ἠξίουν
496 1182 659 1227 κοινοὺς
680 1179 817 1221 ελθεῖν
846 1178 1010 1234 φίλους,
1050 1177 1138 1220 κᾶν
1200 1175 1324 1233 όέῃς
1361 1176 1524 1226 ἀληθῆ
1554 1175 1635 1218 λέ-

167 1256 278 1294 γειν
312 1239 543 1287 εκείνοις,
592 1235 741 1279 οὐθεν
795 1254 877 1277 σοι
918 1233 1086 1284 δεήσει
1126 1235 1456 1290 πραγμάτων,
1497 1232 1632 1276 ἀλλὰ

169 1298 249 1337 καὶ
282 1293 482 1350 λαβὼν,
517 1313 594 1337 επι
633 1295 689 1336 τὰ
721 1297 923 1343 σαυτοῦ,
963 1296 1026 1335 καὶ
1057 1292 1106 1334 τὰ
1135 1292 1262 1335 λοιπὰ
1295 1290 1634 1347 ενήθειχρηστῴ

170 1350 409 1400 διεξελθὼν,
443 1351 643 1394 τελευτῶν
683 1354 899 1400 ἐπιτίθησι,
933 1350 1075 1392 Ταῦτ’
1114 1351 1233 1403 ἐμοῦ
1278 1348 1634 1406 προκαλουμέ-

170 1429 273 1460 νου,
307 1408 632 1452 οὐδεπώποτε
661 1409 883 1458 ἠθέλησε
911 1407 1204 1451 συνελθεῖν.
1236 1427 1259 1449 ο
1283 1406 1352 1450 δε’
1358 1412 1498 1454 Ισαῖος
1519 1410 1633 1449 τουτὶ

169 1470 242 1522 μὲν
259 1468 306 1510 τὸ
325 1470 464 1523 μέρος,
494 1469 541 1510 τὸ
561 1468 673 1523 παρὰ
698 1486 772 1516 την
793 1468 934 1508 ἑαυτοῦ
955 1467 1126 1522 γνώμην
1146 1464 1403 1520 ἠναγκάσθαι
1433 1464 1605 1520 λέγειν’
1591 1483 1634 1507 εν

171 1523 410 1581 δικαστηρίῳ
433 1527 525 1567 νέον
546 1526 660 1575 ὄντα,
681 1527 745 1567 ἐπὶ
765 1524 931 1579 τελευτ7ι7
949 1527 1021 1565 τοῦ
1036 1526 1252 1578 προοιμίου
1267 1526 1444 1573 τίθησιν.
1467 1522 1633 1596 ιἰρχεται
1652 1535 1732 1570 3⁶26

171 1580 213 1624 δὲ
245 1582 328 1624 ἀπὸ
347 1581 545 1631 διανοίας,
569 1583 618 1624 οὗ
641 1581 802 1638 φαύλης
823 1582 878 1635 μὰ
903 1564 983 1623 ιΔία
1007 1580 1101 1623 οὐδὲ
1123 1579 1378 1629 ἰδιωτικῆς,’
1360 1581 1635 1636 ανιαρώτερον

172 1639 273 1682 εἶναι
305 1639 444 1696 λέγων
478 1641 586 1696 πρὸς
618 1641 832 1687 τοιούτους
868 1637 1132 1695 απέχθεσθαι,
1168 1637 1253 1692 μεθ’
1275 1639 1334 1680 ὧν
1368 1638 1525 1694 ἀνάγκη
1552 1641 1635 1680 τῶν

169 1698 419 1751 τιμιωτάτων
441 1702 664 1740 κοινωνεῖν
682 1697 814 1739 ἐ’πειτα
833 1695 1056 1739 ἀπολύεταί
1073 1714 1110 1737 τι
1137 1699 1221 1738 τῶν
1242 1695 1485 1750 μελλόντων
1509 1696 1636 1738 αὐτὸν

170 1753 333 1805 λυπεῖν,
352 1756 399 1796 rb
423 1752 471 1804 δὴ
499 1754 690 1804 πολλοὺς
724 1756 850 1803 ὄντας
875 1756 974 1803 τοὺς
999 1752 1177 1807 δημότας
1205 1755 1314 1809 πρὸς
1342 1754 1468 1796 αὐτὸν
1489 1752 1637 1796 ἀντιδι-

172 1818 270 1854 κεῖν.
302 1810 515 1861 συντίθησί
545 1831 586 1854 τε
616 1813 665 1854 τὰ
698 1814 879 1866 ὀνόματα
907 1831 956 1854 ου
984 1811 1156 1868 φαύλως
1183 1812 1238 1864 μὰ
1271 1810 1351 1853 Δια
1385 1809 1476 1853 οὐδ’
1508 1811 1607 1860 ὡς“
1586 1831 1637 1854 αν

173 1868 350 1923 ἰδιώτης,
395 1868 690 1925 Ἀδικοῦμαι
739 1872 835 1926 γὰρ
889 1871 985 1912 ὑπὸ
1032 1888 1129 1912 των
1180 1867 1409 1924 δημοτῶν
1452 1867 1636 1924 (φησὶν),

173 1927 264 1976 ους
310 1931 556 1983 περιορᾶν
602 1932 690 1982 μὲν
739 1928 795 1970 οὐ
842 1926 1025 1984 ῥᾴδιον
1079 1927 1514 1982 ἀποστεροῦντας,
1553 1925 1637 1968 ιἰπ-

174 1984 421 2041 έχθεσθαι
475 1984 508 2027 δ’
551 2004 609 2027 αν
663 1983 837 2034 ηὸέως,
892 1985 996 2037 μεθ
1036 1986 1102 2026 ὧν
1153 1983 1349 2038 ἀνάγκη
1389 1987 1469 2026 καὶ
1519 2002 1638 2026 συν-

175 2045 355 2090 ουσίας
393 2042 575 2090 κοινὰς
622 2044 901 2083 ποιεῖσθαι.
936 2060 961 2090 77
997 2059 1080 2096 γαρ
1110 2039 1239 2090 ἇηὸης
1275 2039 1470 2096 ἀπέχθεια
1500 2044 1565 2083 καὶ
1601 2040 1640 2083 αἱ
1658 2051 1736 2088 327

176 2102 307 2142 κοιναὶ
326 2101 539 2141 συνουσίαι
558 2100 850 2155 τεχνικώτερον
870 2100 1098 2154 σύγκεινται
1117 2097 1331 2152 μᾶλλον
1306 2117 1331 2147 77
1353 2097 1640 2155 ἀφελέστερον.

217 2194 268 2229 Τίς
283 2206 316 2225 ειν
330 2193 371 2225 οἷν
384 2196 432 2226 οἷοι
451 2195 483 2225 ἂν
508 2196 709 2239 ὁμολογήσειε]
732 2198 818 2227 Nota
838 2197 888 2226 hic

177 2240 361 2280 geminatum
379 2239 420 2270 ἄν.
447 2240 630 2271 SYLBURG·

219 2281 450 2332 Ἀιποφοιίνουσιη
488 2283 644 2322 Dionysio
674 2287 780 2313 nostro
808 2285 889 2322 ejus-

177 2325 261 2355 modi
292 2326 321 2355 in
357 2337 390 2356 re
418 2326 562 2357 usitatius
591 2330 637 2356 est
668 2337 696 2357 v.
724 2325 889 2366 ἐπιφαίνειν.

179 2370 301 2399 Βειεκ.

222 2410 340 2453 Ἠξίουν]
364 2411 472 2442 Malim
497 2411 528 2442 in
552 2412 643 2442 tertia
659 2422 791 2451 persona
807 2409 891 2451 ἧξίου.

923 2196 1017 2227 senen.
1030 2201 1062 2227 ut
1073 2197 1219 2237 colligere
1229 2197 1303 2227 licet
1319 2208 1349 2237 p.
1367 2200 1418 2228 102.
1432 2210 1464 2229 v.
1478 2200 1530 2230 17.
1556 2199 1643 2230 SYL-

925 2251 1033 2271 nuno.
1059 2241 1251 2270 Bene'habet
1272 2242 1301 2270 b.
1326 2242 1346 2270 l.
1365 2242 1497 2280 vulgata.
1543 2242 1643 2272 Festi-

923 2284 1007 2313 natio
1025 2285 1134 2314 bonum
1150 2284 1348 2323 Sylburgium
1361 2285 1549 2323 decipiebat,
1565 2296 1642 2325 quo-

924 2327 1026 2357 minus
1048 2332 1198 2363 cerneret,
1225 2328 1290 2357 haec
1313 2328 1392 2358 ratio
1425 2328 1449 2358 si
1478 2330 1640 2369 probetur,

925 2381 1053 2401 necesse
1071 2372 1145 2406 fore,
1157 2375 1191 2400 ut
1203 2371 1378 2410 proximum
1392 2370 1558 2411 insequens
1574 2371 1641 2412 ’πρὸς

926 2415 1063 2449 tollatur,
1075 2414 1112 2443 ad
1128 2415 1211 2453 quod
1228 2414 1358 2444 animum
1373 2425 1438 2444 non
1455 2415 1530 2445 satis
1544 2420 1642 2445 atten-

179 2465 207 2485 se
221 2465 343 2495 rogasse.
357 2459 457 2484 narrat
474 2461 568 2491 actor,
581 2456 807 2486 Archebiadem
824 2466 841 2485 a
859 2467 894 2485 se

179 2504 318 2537 rogatum
337 2499 441 2527 fuisse.
466 2500 571 2529 IDEM.

224 2542 344 2582 Κοινοῦς]
363 2542 469 2571 Malim
478 2542 527 2571 καὶ
539 2543 604 2577 τοὺς
614 2544 722 2577 κοινοὺς.
738 2547 771 2572 ut
788 2552 893 2572 secum

182 2585 304 2614 veniret
331 2585 369 2614 ad
394 2585 536 2621 arbitros,
565 2590 594 2615 et
622 2587 659 2614 ad
686 2586 802 2615 amicos
825 2586 882 2615 sibi

182 2628 291 2663 actori,
317 2637 384 2657 cum
412 2638 461 2664 eo,
479 2628 685 2664 Archebiade‚
709 2639 895 2659 communes.

183 2671 290 2700 IDEM.

226 2711 430 2755 Ἀνιοιξώτερον]
457 2714 592 2744 Subaudi
623 2715 673 2744 τοῦ
702 2713 816 2751 δέοντος,
846 2716 897 2745 vel

185 2756 234 2785 τοῦ
259 2756 403 2792 εἰωθότος,
419 2757 467 2786 vel
491 2758 551 2787 tale
577 2758 661 2797 quid.
675 2760 775 2789 malim
798 2765 897 2789 tamen

187 2798 388 2838 ἀνιαςώτατον.
411 2800 520 2830 IDEM.

232 2843 359 2883 Λυπεῖν]
385 2848 525 2883 gravare,
548 2853 677 2882 premere
693 2849 811 2875 causam
829 2845 898 2885 ipsi-

188 2893 235 2919 uS,
252 2885 279 2914 ei
295 2887 507 2916 incommodare
521 2890 549 2916 et
564 2887 689 2917 obscura
712 2888 819 2919 IDEM-

233 2926 273 2956 Τό
294 2927 323 2957 δὴ
348 2929 484 2969 πολλους]
503 2930 679 2968 Legendum
698 2931 843 2961 videtur.
868 2930 902 2960 τὸ

190 2968 219 2999 δῆ
245 2980 310 3009 vrgo:
331 2972 459 3006 πολλοὺς
480 2983 562 3006 οντας
583 2973 647 3006 τοὺς
671 2973 798 3014 δημόταις
822 2976 902 3004 ἐντι-

926 2454 1038 2487 debat.
1054 2458 1174 2487 Rfflsx.

967 2499 1036 2542 Ἀν]
1063 2501 1125 2530 Pro
1142 2501 1175 2530 ἂν
1190 2499 1272 2535 ἡδέως
1288 2501 1452 2539 legendum
1467 2512 1533 2531 esse
1548 2500 1643 2536 ἀηδὲς,

928 2544 1018 2573 docui
1031 2544 1122 2583 paulo
1133 2548 1214 2579 ante,
1225 2545 1260 2573 ad
1273 2555 1303 2583 p.
1314 2547 1365 2574 12.
1376 2555 1407 2573 v.
1423 2548 1474 2576 16.
1494 2544 1642 2584 Sequenti

889 2609 896 2621 ‚
928 2588 1020 2617 etiam
1038 2598 1066 2617 v.
1083 2589 1171 2621 κοινὰς
1181 2587 1343 2626 legendum
1357 2598 1426 2617 esse
1442 2598 1499 2626 pro
1516 2587 1641 2625 vulgat‘o

929 2630 1018 2666 τινὰς,
1044 2631 1238 2660 manifestum
1260 2636 1308 2660 est
1332 2642 1349 2660 e
1371 2630 1475 2668 priore
1496 2631 1641 2660 citatitme

930 2674 1003 2708 loci,
1021 2674 1103 2703 Ibid.
1142 2675 1325 2704 Summo.
1351 2674 1399 2703 Ex
1413 2673 1457 2712 ἂν,
1473 2674 1552 2713 quod
1570 2673 1641 2703 libri

932 2717 1076 2755 Dionysii
1104 2718 1133 2747 h.
1159 2717 1180 2747 l.
1202 2718 1272 2756 plus
1295 2718 1420 2752 habent,
1436 2717 1584 2747 deficiens
1610 2716 1642 2745 in

933 2760 1086 2799 superiori
1100 2762 1255 2799 exemplo,
1271 2761 1360 2790 effeci
1378 2761 1422 2789 ibi
1439 2757 1486 2796 οιῧ,
1503 2766 1534 2789 ut
1551 2760 1642 2788 etiam

932 2803 983 2833 hic
1005 2804 1053 2833 aio
1073 2802 1248 2833 faciendum
1263 2814 1341 2833 esse.
1390 2804 1466 2833 Post
1487 2802 1568 2835 ἡδέως
1590 2802 1644 2831 de·

934 2856 1003 2875 esse
1021 2845 1145 2876 videtur
1170 2847 1217 2876 οὐκ
1237 2846 1268 2876 ἒιν
1293 2845 1453 2886 Βουλοίμην,
1470 2846 1519 2875 vel
1543 2845 1591 2875 οὐκ
1613 2844 1645 2874 ἃν

934 2888 1080 2928 δεξαίμην,
1099 2895 1152 2919 aut
1168 2890 1229 2920 tale
1244 2890 1331 2929 quid,
1352 2895 1385 2920 ut
1396 2891 1458 2929 jam
1474 2899 1568 2928 supra
1590 2888 1643 2918 ad-

935 2933 1049 2963 monui.
1075 2933 1195 2964 Rmsx.
