1981 3255
339 139 776 184 ΔΙΟΝΥΣΙΟΥ
832 133 1457 179 ΑΛΙΚΑΡΝΑΣΕΩΣ.

1604 130 1625 142 Η

1563 132 1627 179 lo

173 274 217 299 τι
247 254 449 299 δίκαιον
480 255 686 310 ἐφρόνει
731 257 808 295 καὶ
850 271 912 307 μη
940 249 1369 322 παρακροῦεσθαι
1408 269 1495 299 τας
1527 253 1631 305 ὑμε-

172 316 320 367 τέρας
351 314 558 368 γνώμας
589 310 763 360 ἐζήτει,
794 312 857 363 μὴ
887 327 949 363 μα
990 311 1085 350 Δία
1114 313 1269 349 ταῦτα
1298 315 1479 355 ποιεῖν,
1511 308 1630 350 ἀλλ’

173 373 250 413 ἐπὶ
280 372 367 412 τὸν
398 369 655 425 λογισμὸν
691 387 807 421 μετα
826 368 1119 436 ’.μαρτύρων
1157 365 1331 407 ἐλθεῖν
1363 369 1439 407 καὶ
1470 363 1630 413 ἐξετά-

174 427 278 475 ζειν
323 429 502 469 ἕκαστα
544 429 641 467 τῶν
686 427 736 467 ἐν
778 428 845 480 τῴ
880 424 1034 479 λογω,
1077 427 1265 465 τοῦτον
1310 423 1398 465 τὸν
1439 424 1631 478 τρόπον

173 504 270 540 παρ
331 487 449 539 ἐμοῦ
479 483 893 537 πυνθανόμενον.

934 479 1182 537 zio-(popae
1220 479 1410 536 λογῖζη
1439 481 1629 530 πόσας;
1650 489 1726 524 331

171 561 326 590 Torta?
353 561 430 584 Καί
459 559 627 589 ruffae.
652 559 771 583 Κατα
798 541 966 582 πόσθν
996 555 1247 594 αρΎυζἹίΟυ
1280 539 1632 594 Εισέυηνξγμέ“

215 664 464 706 Παρακούσ-εσθαι]
492 667 573 695 Dant
588 665 743 704 vulgares,
759 664 807 694 cui
825 674 884 694 πα-

172 708 379 750 ρακρούσασθαι
409 709 506 739 sollici
534 709 654 738 volebat
684 707 883 747 Sylburgius.

173 755 267 791 Cujus
285 754 468 791 conjecturae
487 751 607 781 tametsi
630 751 753 791 pondus
772 751 885 780 addere

174 796 335 825 videbatur
357 795 478 824 Bodlei.
495 805 672 829 consensus,
693 799 772 823 teste
795 794 885 824 Hud-

174 849 260 875 sono‚
271 849 328 876 ego
342 843 441 868 tamen
455 837 650 867 nihilomiuus
662 847 796 876 praesens
810 843 885 866 tem-

173 892 233 920 pus
245 881 368 920 praetuli
381 879 611 920 παρακρούεσθαι.
623 882 764 920 decipere.
780 880 886 910 IDEM.

176 922 433 964 παρακρούσασθαι
452 925 627 953 Bekkerus.

218 968 322 996 Ταῦτα
341 967 443 1007 ποιεῖν]
468 968 541 997 Scil.
559 977 625 1006 quae
651 966 743 995 modo
767 966 889 995 dixerat

176 1010 382 1038 adversarium
392 1009 541 1044 factitare,
553 1009 762 1045 scil.judicum
771 1014 890 1037 mentes

175 1051 343 1080 mendaciis
358 1061 527 1086 occoecare,
541 1056 570 1080 et
588 1060 707 1080 causam
726 1051 764 1079 ad
781 1051 888 1085 aliena,

176 1104 272 1131 nugas
290 1098 320 1123 et
331 1099 501 1123 commenta
516 1093 712 1132 detorquere.
735 1093 857 1122 Rmsx.

219 1136 317 1177 Λόγῳ]
343 1137 475 1166 Ratione
498 1137 551 1166 illa
570 1140 663 1175 gestae
678 1147 695 1166 a
711 1146 759 1165 me
771 1135 886 1171 tutelae,

177 1190 266 1219 quam
284 1190 341 1218 ego
358 1179 475 1219 pupillo
498 1191 564 1210 cum
588 1179 810 1214 exhibuissem,
825 1179 888 1214 ille,

177 1228 355 1262 aspernatus
368 1233 443 1258 eam,
453 1234 484 1252 re
495 1234 619 1261 prorsus
634 1233 691 1252 non
702 1224 889 1258 examinata,

177 1277 224 1295 me
238 1266 314 1296 male
331 1271 424 1305 gestae
440 1267 543 1296 tutelae
558 1271 693 1296 accusat.
730 1267 798 1296 Jam
815 1276 888 1294 0011-

178 1314 237 1339 stat
262 1310 379 1348 liquido
405 1311 584 1348 particulam
613 1309 688 1338 113110
713 1320 751 1338 ex
781 1310 888 1338 eadem

178 1353 314 1382 oratione
341 1353 514 1392 decerptam
540 1363 620 1387 esse,
647 1353 727 1382 unde
751 1352 889 1391 proferre

177 1397 442 1435 exordiumpaulo
453 1402 522 1426 ante
535 1407 566 1435 p.
580 1399 632 1426 14.
641 1406 669 1425 v.
680 1398 732 1425 14.
744 1400 889 1435 coeperat.

179 1440 271 1469 Unde
290 1439 430 1478 suspicor
454 1441 545 1478 hujus
561 1439 681 1479 paginae
697 1449 786 1468 versu
810 1449 890 1468 nouo

180 1493 215 1511 ac
225 1482 345 1511 decimo
354 1483 433 1512 inter
440 1484 556 1522 μεγάλη
568 1481 739 1521 εῑφαίνομαι
751 1482 891 1512 nonnulla

179 1526 301 1555 deesse.
318 1527 429 1565 Neque
442 1527 522 1556 enim
536 1526 685 1555 credibile
701 1531 759 1559 est,
772 1525 890 1563 Diony

176 1568 256 1598 sium
280 1569 446 1607 particulas
463 1580 479 1598 e
497 1570 617 1599 duabus
640 1569 773 1598 diversis
797 1569 889 1598 orati-

180 1611 287 1641 onibus
303 1618 466 1651 excerptas
483 1612 527 1642 sic
549 1613 653 1648 tacite,
670 1612 734 1642 sine
750 1612 889 1647 transitu,

179 1655 243 1683 sine
266 1655 379 1685 indicio
401 1656 639 1685 consarcinasse.
684 1655 746 1684 Sed
769 1655 891 1684 videtur

179 1697 283 1736 potius
302 1708 361 1727 non
377 1699 578 1735 commisisse,
596 1704 628 1728 ut
643 1699 791 1728 lectorem
808 1698 889 1727 haud

180 1741 366 1771 admonitum
392 1742 533 1780 ignorare
560 1747 717 1782 pateretur
743 1742 823 1771 unde
842 1742 888 1771 in-

181 1784 339 1823 sequentia
349 1785 513 1824 desumpta
523 1791 616 1815 esset.
631 1785 771 1815 Dixisset
781 1786 889 1824 procul

180 1827 274 1857 dubio
301 1828 331 1856 in
356 1828 432 1858 hanc
457 1829 504 1857 vel
531 1829 660 1859 similem
690 1829 886 1858 sententiam:

177 1869 250 1899 ἀλλ’
258 1869 391 1909 ἐπάνειμι
403 1870 449 1901 ἐπὶ
465 1883 515 1902 την
530 1870 664 1911 ‘upon-{gam
675 1882 723 1901 του
736 1870 890 1911 ἐπιτρόπου

178 1912 263 1953 πρὸς
272 1912 318 1944 τᾶν
351 1913 590 1954 ἓπιτςοπευθὲντα
627 1912 793 1953 ἀπολογίαν,
832 1913 889 1944 ὅθεν

179 1955 285 1995 ἐξέβην.
315 1957 398 1997 φησὶν
426 1961 468 1988 οὑν
499 1960 581 1998 μετὰ
611 1969 720 1988 ταυτα·
752 1956 889 1997 φαίνομαι

179 2010 220 2028 το,
218 1999 265 2028 ’νυν
277 2017 331 2030 —-.
347 2001 410 2030 Ims
416 2012 453 2030 111

225 2042 378 2082 Εἷς-φορὰς]
409 2042 582 2072 Incidimns
612 2042 643 2072 in
673 2043 820 2072 salebras.
852 2043 889 2072 ad

180 2084 280 2114 locum
296 2085 502 2123 pervenimus,
519 2085 544 2115 si
562 2085 629 2124 quis
646 2086 725 2115 ullus
741 2086 819 2115 alius
835 2086 889 2114 hu—

176 2128 228 2165 jus
252 2127 347 2157 libelli
369 2134 427 2163 est,
444 2127 625 2166 impeditum
641 2133 672 2157 et
687 2129 813 2157 arduum
828 2140 836 2165 3
859 2129 888 2157 in

180 2180 241 2208 quo
258 2170 398 2200 haesitare
414 2175 445 2200 et
461 2171 534 2205 labi,
551 2175 638 2210 turpe
652 2181 709 2200 non
724 2171 792 2200 erit.
808 2172 889 2201 Ten—

180 2213 252 2242 tabo
268 2214 368 2251 quoad
384 2218 491 2252 potero
514 2214 601 2248 eniti,
618 2213 674 2243 1130
690 2213 750 2249 via,
769 2220 803 2244 ut
821 2215 888 2253 Syl-

181 2256 283 2295 burgii
300 2256 368 2286 visa
388 2267 566 2297 proponam,
582 2262 646 2286 tum
667 2267 746 2293 mea,
762 2268 822 2287 uno
844 2262 888 2287 te-

180 2309 274 2335 1101ος
312 2301 454 2338 quoniam
494 2311 542 2330 res
578 2300 729 2339 ejusmodi
762 2306 819 2337 est,
855 2305 889 2331 ut

179 2342 314 2381 discerpi
331 2347 471 2382 nequeat.
493 2343 601 2373 IDEM.

222 2384 291 2425 Πξός
313 2385 406 2426 τίνας]
430 2386 585 2416 Incertum
608 2391 654 2416 est
680 2386 834 2416 redditiva
853 2397 889 2418 ne

179 2438 216 2457 au
232 2429 453 2468 interrogativa
476 2429 525 2459 hic
548 2431 585 2458 ab
605 2434 729 2459 auctore
745 2436 891 2469 usurpata

180 2472 251 2507 sint,
267 2482 304 2501 an
320 2473 427 2503 mixta.
441 2472 466 2502 si
481 2472 646 2508 redditiva,
662 2473 824 2511 legendum
841 2473 890 2503 hic

180 2515 227 2544 καὶ
246 2514 346 2544 ‘mo-ov:
370 2520 402 2545 et
423 2526 488 2555 seq.
505 2527 536 2546 v.
552 2517 632 2545 κατὰ
648 2515 735 2545 τόσα.
753 2517 779 2546 51
796 2516 889 2547 inter-

179 2559 329 2597 rogativa,
359 2559 388 2588 in
425 2560 526 2598 primo
557 2560 694 2589 membro
725 2560 889 2598 legepdum

179 2601 239 2631 erit
254 2600 318 2642 πρὸς
329 2600 441 2641 vrbo-493
459 2602 627 2641 itidemque
640 2602 669 2631 in
682 2603 889 2642 sequentibus.

179 2644 293 2674 Forsan
310 2645 401 2674 etiam
421 2644 636 2685 εἷσενηνεγμένος
653 2646 814 2685 legendum
832 2657 888 2686 pro

177 2686 415 2727 εἷσενηνεγμένης;
446 2689 497 2719 vel
534 2687 766 2729 εἰσενηνεγμένας.
805 2691 888 2721 SYL-

179 2740 285 2761 nuno.
325 2732 400 2761 Post
415 2732 544 2762 recitata
558 2732 655 2767 istaec,
672 2732 836 2772 Sylburgio
850 2734 888 2763 ad

179 2773 209 2801 h.
231 2773 251 2802 l.
274 2773 341 2804 visa
361 2785 443 2805 meas
467 2785 523 2814 ego
550 2785 671 2814 quoque
695 2776 888 2815 suspiciones

179 2814 235 2844 hoc
251 2816 289 2846 de
304 2817 385 2852 loco,
397 2818 449 2857 qui
465 2818 616 2856 imprimis
629 2823 758 2848 vexatus
770 2824 802 2848 et
818 2829 887 2858 per-

179 2857 289 2894 plexus
311 2865 370 2894 est,
386 2861 416 2890 in
439 2861 540 2891 medio
562 2871 684 2900 ponam.
729 2861 766 2891 In
784 2873 844 2900 quo
861 2864 886 2893 si

178 2900 316 2937 1ἰ1131·,111
333 2904 412 2940 quod
426 2915 551 2934 necesse
566 2905 701 2941 05111011,
717 2916 887 2945 consequar

178 2950 275 2974 tamen
302 2945 372 2981 hoc,
396 2952 427 2977 ut
457 2948 584 2978 aliorum
611 2958 737 2979 acumen
767 2959 884 2986 acuam,

920 673 1105 702 gressusque
1122 662 1158 691 ad
1177 662 1242 691 veri
1259 662 1349 691 sedes
1365 661 1506 700 dirigam.
1534 661 1632 700 Finge

919 707 1022 745 itaque
1052 707 1152 736 locum
1185 705 1264 734 110110
1287 705 1332 735 510
1362 706 1399 734 ab
1428 704 1509 734 Isaeo
1537 704 1633 734 fuisse

920 755 1079 779 exaratum
1111 748 1263 778 relictum.
1325 747 1437 778 Exibit
1470 748 1549 777 enim
1587 747 1634 777 sio

921 792 1081 828 sententia,
1111 792 1138 821 si
1163 802 1221 821 non
1249 792 1287 821 ad
1310 790 1501 830 primigeniae
1527 791 1633 821 sormae

921 836 1080 867 veritatem
1108 845 1266 875 expressa,
1291 834 1458 864 tolerabilis
1480 839 1581 864 tamen
1603 839 1635 864 et

922 879 1071 918 tantisper
1090 878 1270 917 probabilis.
1315 878 1539 917 Colloquuntur
1555 877 1635 907 inter

923 933 956 952 se
976 922 1113 961 pupillus
1137 927 1169 951 et
1189 926 1282 956 tutor,
1300 921 1337 950 ad
1360 931 1488 951 examen
1504 920 1634 950 rationis

923 975 940 994 a
956 970 1055 994 tutore
1072 965 1217 994 exhibitae
1240 965 1451 994 considentes.
1498 963 1636 1004 Εἲς-φορὰς

924 1006 1030 1049 λογίζῃ,
1047 1007 1089 1037 ait
1112 1008 1261 1047 pupillus.
1308 1008 1418 1042 Video,
1436 1007 1477 1036 mi
1494 1011 1587 1043 tutor,
1605 1013 1635 1036 te

923 1051 952 1078 in
983 1051 1100 1079 ratione
1127 1056 1179 1079 tua
1202 1051 1274 1080 mihi
1303 1050 1453 1089 imputare
1480 1051 1635 1079 contribu-

923 1092 1035 1127 tiones,
1057 1103 1075 1122 a
1097 1098 1126 1121 te
1153 1094 1191 1122 de
1219 1103 1286 1122 meo
1309 1093 1490 1132 patrimonio
1506 1103 1636 1132 meoque

924 1135 1057 1171 nomine,
1082 1135 1162 1174 quod
1188 1135 1245 1171 ais,
1271 1136 1307 1164 ad
1333 1136 1535 1165 necessitates
1558 1137 1635 1176 reip.

925 1179 1287 1208 sustentandascollatas.
1313 1178 1422 1207 Recte.
1447 1179 1508 1207 Sed
1524 1177 1636 1216 πόσας;

924 1229 989 1262 quot
1006 1222 1098 1251 illus?
1121 1222 1288 1261 respondet
1308 1226 1391 1250 tutor
1411 1220 1502 1255 τόσας
1519 1221 1567 1250 καὶ
1589 1221 1638 1250 τό·

924 1277 990 1299 σας.
1005 1270 1044 1295 tot
1059 1273 1087 1294 et
1102 1270 1142 1294 tot
1157 1275 1287 1295 numero.
1301 1264 1389 1293 simul
1401 1265 1500 1302 digito
1512 1265 1637 1294 demon-

925 1313 1023 1338 strans
1047 1309 1131 1338 locos
1152 1308 1292 1344 rationis,
1322 1308 1372 1337 ubi
1397 1308 1458 1347 ipsi
1481 1308 1638 1337 contribu-

925 1352 1024 1381 tiones
1041 1352 1077 1381 ad
1095 1351 1233 1381 aerarium
1248 1352 1325 1390 reip.
1343 1352 1536 1390 imputasset.
1562 1351 1639 1381 Per—

925 1394 970 1433 git
991 1395 1129 1434 pupillus
1150 1399 1283 1424 tutorem
1306 1395 1638 1433 interrogare.1<ma

925 1437 1010 1467 πόσον
1025 1438 1144 1478 ἅργύξιον
1159 1437 1402 1478 εἶσενηνεγμὲνας;
1424 1438 1454 1468 h.
1472 1448 1498 1467 e.
1507 1442 1638 1487 ‘quantae

926 1487 995 1511 sunt
1012 1482 1140 1521 singulae
1162 1491 1289 1520 quaeque
1314 1491 1439 1510 summae
1462 1480 1545 1517 aeris,
1561 1491 1637 1520 quas

925 1531 956 1554 tu
976 1529 1005 1554 te
1022 1525 1066 1554 ais
1088 1535 1154 1554 meo
1177 1525 1298 1553 nomine
1320 1524 1448 1563 singulis
1464 1524 1637 1564 quibusque

924 1568 1124 1607 pensionibus
1138 1567 1203 1609 (vel
1221 1566 1357 1608 vicibus)
1378 1569 1408 1597 in
1431 1567 1570 1597 aerarium
1591 1568 1637 1597 in-

925 1611 1058 1641 tulisse?
1088 1611 1266 1650 Respondet
1287 1616 1366 1641 tutor
1388 1622 1467 1641 κατα
1487 1608 1567 1640 τόσον
1587 1612 1636 1640 καὶ

924 1653 1014 1685 τόσον.
1039 1655 1166 1684 Tantum
1179 1654 1268 1684 intuli
1281 1655 1336 1684 hac
1349 1656 1508 1694 pensione,
1519 1658 1636 1683 tautum

924 1697 988 1728 illa.
1034 1699 1151 1728 Rursus
1177 1698 1269 1727 instat
1297 1698 1434 1738 pupillus
1460 1699 1540 1727 κατὰ
1566 1698 1636 1727 ποῖα

926 1740 1002 1781 [non
1030 1742 1092 1780 jam
1125 1741 1213 1775 πόσα,
1238 1742 1293 1771 sed
1323 1741 1407 1781 ποῖα]
1437 1739 1634 1780 ψηφίσματα.

924 1795 1061 1823 quaenam
1085 1789 1116 1814 et
1142 1783 1243 1823 qualia
1265 1789 1335 1814 sunt
1358 1784 1410 1813 illa
1434 1789 1555 1814 senatus
1579 1784 1636 1813 de-

923 1833 1019 1864 creta,
1044 1832 1096 1857 aut
1121 1827 1318 1867 populiscita,
1335 1838 1463 1866 quorum
1486 1828 1576 1866 jussu
1605 1832 1636 1857 et

924 1871 1104 1901 auctoritate
1132 1875 1165 1900 tu
1192 1871 1271 1907 illas,
1294 1881 1369 1910 quas
1396 1871 1451 1908 ais,
1473 1870 1635 1909 pensiones

923 1925 980 1954 pro
1010 1925 1058 1944 me
1089 1913 1291 1953 dependisti?
1330 1914 1513 1953 Respondet
1539 1919 1632 1944 tutor.

922 1957 1021 1987 ταυτί.
1033 1958 1098 1987 haec
1115 1962 1195 1993 50111,
1211 1967 1283 1986 0000
1297 1957 1397 1992 istaec,
1413 1961 1444 1986 et
1459 1957 1634 1987 5111101000-

923 2000 963 2028 lis
979 2001 1045 2038 ejus
1060 2000 1206 2029 formulas
1222 2000 1342 2029 illorum
1356 2000 1550 2029 decretorum
1562 2002 1634 2030 sub-

920 2041 1000 2081 jicit.
1018 2043 1161 2072 Nondum
1174 2042 1342 2081 acquiescit
1354 2043 1502 2082 pupillus,
1516 2048 1635 2073 certum

924 2085 1045 2124 penitus
1067 2090 1098 2115 et
1123 2085 1195 2121 viis,
1211 2089 1361 2125 quotquot
1375 2085 1454 2115 datae
1474 2089 1553 2122 sunt,
1570 2097 1634 2116 om-

923 2128 1013 2158 nibus
1036 2128 1182 2168 indagare
1202 2129 1340 2164 studens,
1361 2129 1519 2158 continuat
1535 2129 1634 2160 adhuc

923 2181 1026 2206 unum,
1051 2172 1132 2210 quod
1156 2176 1222 2201 erat
1247 2171 1410 2211 reliquum,
1432 2172 1634 2212 interrogare.

923 2214 1040 2248 Ταύτας
1062 2213 1147 2254 [5011.
1163 2215 1218 2249 τὰς
1239 2214 1383 2256 εἰσφορὰς]
1400 2214 1534 2254 εἰλήφασι
1554 2214 1634 2251 τίνες.

922 2258 983 2287 Sed
1008 2258 1063 2288 has
1085 2257 1325 2288 contributiones
1348 2258 1469 2297 quinam
1490 2269 1635 2298 suscepe-

924 2301 1016 2330 runt'!
1033 2301 1156 2340 quinam
1170 2306 1239 2331 sunt
1248 2301 1291 2337 hi,
1303 2301 1411 2340 quibus
1425 2306 1456 2331 tu
1468 2305 1497 2331 te
1506 2302 1552 2331 ais
1565 2303 1635 2332 illas

923 2344 1088 2383 pensiones
1116 2345 1314 2375 numerasse?
1358 2346 1506 2375 Habesne
1544 2345 1636 2375 etiam

925 2393 1066 2419 auctores
1090 2388 1230 2425 idoneos,
1255 2387 1309 2427 qui
1335 2389 1368 2418 se*
1390 2388 1472 2418 aiant
1492 2388 1568 2418 illud
1591 2399 1634 2418 aes

925 2431 979 2460 abs
996 2436 1026 2460 te
1036 2431 1213 2467 abstulisse,
1228 2437 1257 2461 et
1274 2431 1304 2460 10
1316 2431 1456 2461 aerarium
1470 2430 1635 2461 intulisse?

925 2473 1082 2504 Satisfacit
1101 2475 1222 2505 tandem
1245 2478 1327 2504 tutor
1351 2474 1442 2504 etiam
1463 2475 1500 2504 de
1517 2475 1575 2504 hoc
1590 2475 1634 2504 510

923 2518 1125 2556 respondens.
1150 2519 1173 2548 οἳ
1196 2517 1243 2548 καὶ
1268 2518 1367 2547 ταῦτα
1393 2518 1631 2558 μαρτυρήσοντες.

924 2561 1025 2590 Iidem
1036 2572 1053 2591 a
1066 2571 1115 2591 me
1128 2561 1322 2591 abstulerunt
1337 2571 1402 2600 eas,
1413 2562 1465 2600 qui
1482 2561 1538 2590 1130
1548 2562 1587 2591 (10
1597 2572 1630 2591 re

918 2605 982 2642 jam
998 2604 1029 2633 in
1046 2604 1213 2635 continenti
1233 2605 1436 2634 testabuntur.
1481 2604 1544 2633 Hic
1568 2609 1633 2634 tan-

922 2647 992 2677 dem
1009 2647 1120 2678 desinit
1135 2648 1188 2677 illa
1203 2647 1310 2677 fictitia
1321 2647 1433 2687 pupilli
1448 2657 1517 2676 cum
1533 2652 1633 2677 tutore

923 2701 978 2720 suo
994 2691 1218 2730 expostulatio,
1234 2696 1266 2721 et
1281 2694 1363 2720 tutor
1379 2692 1443 2729 jam
1463 2701 1542 2720 nunc
1566 2701 1634 2729 per-

923 2734 968 2772 git
983 2745 999 2763 e
1016 2744 1149 2773 persona
1169 2744 1252 2764 mere
1274 2744 1328 2763 sua
1351 2734 1434 2773 loqui
1456 2733 1504 2763 καὶ
1519 2731 1632 2769 σκέψα-

921 2776 1001 2807 σθαι.
1017 2778 1055 2807 de
1074 2788 1135 2818 quo
1153 2777 1254 2807 statim
1269 2777 1388 2807 docebo
1411 2776 1563 2816 pluribus,
1580 2776 1632 2805 nbi

921 2821 1079 2860 Sylburgii
1101 2820 1280 2851 sententiam
1305 2820 1343 2849 de
1367 2820 1424 2849 1100
1443 2829 1562 2858 quoque
1579 2829 1631 2848 vo-

920 2864 1030 2893 cabulo
1039 2864 1123 2903 prius
1133 2863 1352 2894 audiverimus.
1370 2861 1631 2892 Βειειι.11εὶειςῐο

920 2918 988 2938 cum
1007 2907 1149 2938 Bekkero
1165 2908 1195 2938 11.
1210 2908 1232 2937 1.
1248 2907 1413 2937 obsecutus
1428 2915 1505 2936 sum.
