1981 3255
290 169 427 212 ΠΕΡΙ
471 168 608 210 ΤΟΥ
650 162 1149 209 ΔΙΚΑῙΟΓΕΝΟΥΣ
1190 165 1468 209 ΚΛΗΡΟὙ.

1552 162 1651 217 107

148 294 194 327 15
212 282 338 335 πόλει
368 282 620 350 Ῑοῖποορχοὶς
658 282 740 332 τῶν
771 278 902 333 ὄντων
941 277 1184 337 οἰνωθέντες
1224 288 1428 343 πολλοῖς,
1468 279 1520 337 ὥς
1557 280 1654 332 οἰπό

210 354 326 415 ι’διοις
359 355 575 419 κτήσεως,
601 354 848 424 οἷγοὶλμασι
877 363 1074 420 χαλκοῖς
1108 352 1186 404 καὶ
1223 352 1408 412 λιθινοις
1433 353 1652 422 κεκοσμή-

209 451 319 482 κοοσἾ
360 454 411 482 το
449 430 566 498 ἱερόν.
603 445 732 481 σιω-οι7
771 426 812 480 ὃ
813 426 952 528 ρὺπερ
987 452 1064 486 τ’νις
1105 425 1328 494 πατριὲος
1360 441 1653 496 πολεμουντες
1674 441 1748 475 114

206 502 314 555 οἷπε-
349 522 461 555 οονον·
506 501 831 568 Δικοιιοτγιενης2
840 501 917 570 μὲν
936 499 1220 566 ὅΜενεξενου,
1239 524 1315 553 του
1333 500 1436 569 ἒμου
1451 498 1653 552 πάππου

207 576 378 667 warde,
404 599 672 644 στρατηγων
703 599 774 627 ore
805 576 831 630 ‘ri
862 574 900 626 ἔν
926 574 1141 627 Ελευσῒνι
1167 574 1301 644 μάχη
1335 597 1524 640 εγενετο,
1554 583 1651 625 Με-

208 647 366 739 νέξενος
391 648 474 702 δ’(
454 675 474 701 o
501 647 660 702 ἐκεινου
688 649 776 708 υἷος
799 663 1040 720 φυλαρχων
1069 672 1147 707 της
1171 648 1397 707 Ὀλυσ-ιόος
1425 672 1464 701 εν
1486 657 1650 739 Σπας-
1673 661 1747 694 115

207 722 353 790 τωλῳ,
382 725 669 790 Δικαιογενης
688 720 775 775 δὲ
755 746 777 773 o
803 721 1038 787 Μενεξενου
1039 746 1329 814 τριηξαξχων
1351 746 1429 780 της
1449 721 1652 797 παράλου

139 813 188 846 '0
207 821 246 850 εν
273 795 432 866 Κνιὸῳ.
463 822 538 850 τον
561 821 638 867 μεν
667 820 823 848 τουτου
851 793 962 849 οἰκον
994 819 1070 859 συ,
1097 803 1127 847 ὠ
1159 793 1464 860 Δικαιογενες,
1495 818 1655 869 παροι-
1674 806 1751 840 116

547 890 556 908 ¹
583 909 590 916 .
614 887 649 921 ἃς
665 888 810 928 ἀωαςχᾶς

204 955 334 985 articulo
356 954 401 989 ἃς.
426 965 494 985 nam
519 954 563 985 ἔτι
588 953 611 983 δ’
626 953 652 984 ἐν
674 952 830 995 ἀκροπόλει
854 964 914 983 non

149 1021 155 1027 .
205 998 338 1028 cohaeret
354 1008 421 1027 cuin
439 997 598 1036 praemisso
618 996 759 1032 ἀνέθεσαν,
774 997 827 1026 sed
845 1006 913 1026 cnm

204 1040 383 1078 insequente
399 1040 597 1079 κεκοσμῆιιοισι
613 1040 646 1068 τὸ
662 1039 736 1078 ἱερόν.
760 1039 864 1069 lom.

248 1083 380 1118 Πολλοῖς,
396 1083 430 1115 ὡς
443 1081 495 1111 ἀπ’
507 1081 575 1115 ἰδίοις
590 1081 732 1121 κτήσεως]
757 1081 914 1110 Sententia

204 1124 270 1153 haec
285 1129 349 1154 cst:
371 1134 431 1153 non
446 1124 540 1154 multa
554 1123 676 1162 quidem
690 1123 719 1152 in
734 1133 767 1152 se
781 1128 852 1153 sunt
860 1123 913 1152 illa

205 1165 367 1196 simulacra
383 1177 400 1196 a
417 1167 529 1197 nostris
546 1166 712 1205 majoribus
728 1165 758 1194 in
774 1176 843 1195 arce
860 1167 912 1196 de·-

205 1208 319 1245 dicata,
340 1209 367 1238 si
392 1214 569 1248 spectentur
586 1209 624 1239 ad
643 1208 768 1238 donaria
789 1208 912 1247 publice

205 1251 250 1282 ibi
265 1251 406 1282 dedicata
422 1252 543 1282 nomine
562 1251 834 1291 reipublicae‚'quae
851 1252 912 1282 u‘ti-

205 1304 264 1334 que
286 1300 317 1324 et
332 1295 420 1334 plura
432 1305 556 1325 numero
569 1300 600 1325 et
611 1294 818 1334 splendidiora
830 1300 911 1330 sunt,

207 1342 240 1366 ut
260 1338 352 1367 etiam
375 1348 430 1377 par
460 1344 551 1378 atque
581 1342 815 1368 consentaneum
841 1343 911 1376 est3

206 1386 424 1417 verumtamen,
441 1381 468 1410 si
483 1385 670 1420 spectentur,
691 1385 723 1411 ut
743 1391 761 1410 a
782 1380 911 1420 privatis

205 1426 236 1451 et
251 1432 268 1451 e
290 1433 323 1453 re
344 1423 463 1464 privata
477 1424 632 1457 dedicata.
648 1428 717 1454 sunt
732 1423 798 1453 sine
817 1423 911 1453 dubio

209 1465 304 1495 multa
320 1471 351 1496 et
366 1467 536 1505 magnilica.
559 1468 664 1496 IDEM.

247 1507 287 1538 Τὄ
299 1507 378 1549 ἱερὸν]
402 1510 553 1538 Minervae
567 1508 682 1538 urbicae
697 1513 782 1548 puta,
794 1508 824 1538 in
842 1519 912 1538 arce

206 1555 410 1581 exstructum.
436 1553 540 1581 IDEM.

250 1593 425 1631 Δικαιογὲνης
447 1592 492 1634 δὲ]
528 1595 592 1623 luto
618 1601 691 1622 vero
715 1599 750 1622 Δ.
775 1592 832 1632 μὲν
850 1611 909 1622 —.

208 1636 311 1665 lum.

250 1677 292 1707 Ἐν
319 1677 452 1708 Ἐλιυσῖνι
476 1678 583 1719 μάχη]
608 1678 740 1707 Videtur
766 1677 832 1707 lsaec
860 1677 912 1706 illa

205 1731 309 1760 pugna
333 1731 413 1757 esse,
429 1721 466 1750 de
488 1731 548 1759 qua
570 1720 770 1759 Thucydides
790 1723 819 1749 1.
838 1723 911 1750 1114.

205 1768 316 1794 narrat.
361 1765 423 1794 Sed
444 1764 600 1795 audiamus
618 1762 802 1794 Palmerium
826 1763 861 1792 ad
881 1763 910 1792 h.

204 1805 226 1835 l.
252 1806 470 1845 disputantem,
497 1808 585 1845 cujus
611 1807 676 1840 liaec
701 1809 770 1837 sunt
794 1806 909 1835 verba:

205 1851 227 1866 ‘⁴
239 1850 288 1878 De
302 1859 338 1891 ea
352 1848 382 1878 in
395 1848 541 1880 Eleusine
551 1859 664 1888 pugna,
678 1849 779 1888 inqua
789 1849 910 1878 Dicaeo-

206 1901 301 1930 genes
317 1892 380 1921 dux
405 1893 473 1928 fnit,
492 1892 567 1921 nihil
587 1892 719 1921 invenio.
767 1893 813 1921 Ex
835 1896 910 1920 tem-

205 1934 291 1972 poris
306 1935 421 1964 ratione
438 1935 588 1973 suspicor,
609 1945 698 1964 unam
711 1944 778 1964 esse
799 1944 838 1963 ex
854 1943 910 1972 pu-

207 1976 285 2014 gnis,
295 1988 368 2015 quas
377 1982 477 2006 narrat
486 1977 640 2007 Diodorus
651 1977 730 2006 libro
739 1976 910 2013 undecimo,

206 2019 294 2047 sactis
318 2019 396 2048 inter
415 2020 612 2057 Megarenses
633 2024 664 2048 et
685 2029 788 2048 eorum
812 2019 910 2047 socios

208 2061 422 2096 Athenienses,
444 2072 510 2090 curn
528 2060 705 2095 Corinthiis,
722 2061 773 2100 qui
791 2060 831 2089 de
848 2061 910 2089 fini-

207 2103 264 2132 bus
289 2113 355 2132 cuin
375 2103 609 2141 Megarensibus
632 2103 716 2132 litem
749 2103 910 2132 habebant.

207 2144 268 2174 Sed
299 2146 492 2184 Myronidem
519 2147 628 2175 ducem
653 2146 745 2175 fuisse
771 2144 824 2174 ait.
870 2146 912 2175 At

207 2187 309 2227 plures
332 2188 501 2226 saepissime
524 2189 554 2217 in
583 2188 688 2217 eadem
713 2187 911 2225 expeditione

207 2230 301 2260 duces
315 2235 411 2267 erant,
426 2235 456 2260 et
476 2232 554 2260 sorte
571 2231 774 2269 Dicaeogenes
790 2234 910 2269 poterat

207 2273 303 2303 fuisse
319 2283 377 2303 una
399 2283 468 2303 cum
484 2273 649 2313 Myronide
665 2274 726 2303 dux
743 2273 910 2311 copiarum.

207 2316 352 2355 temporis
383 2317 515 2356 spatium
541 2321 624 2346 certe
657 2317 732 2346 satis
760 2316 914 2356 congruit.

208 2360 286 2388 Nam
299 2359 420 2398 qnando
430 2360 630 2395 Menexenus,
639 2360 706 2398 ejus
719 2358 809 2395 filius,
821 2359 913 2398 periit

207 2401 239 2431 in
270 2402 422 2440 Spartolo,
452 2413 519 2441 quae
545 2412 647 2442 pugna
672 2402 835 2432 commissa
866 2406 912 2432 est

209 2444 396 2483 Epaminone
413 2446 568 2479 archonte,
583 2454 661 2474 anno
674 2446 703 2474 4.
717 2444 768 2474 Ol.
783 2446 835 2475 8⁷.
846 2445 910 2474 bel-

207 2486 268 2516 lum
285 2498 368 2523 vero,
383 2488 421 2517 de
437 2498 497 2526 quo
514 2498 603 2526 supra
616 2487 697 2522 dixi,
708 2491 828 2527 gestum
841 2487 911 2526 My-

206 2529 313 2559 ronide
328 2531 419 2570 duce,
433 2530 540 2560 incidit
554 2531 583 2559 in
596 2530 721 2560 Bionem
737 2530 910 2560 archontem

207 2581 285 2602 anno
300 2573 392 2602 tertio
407 2573 532 2612 Olymp.
549 2575 601 2603 80.
623 2572 756 2613 spatium
778 2568 911 2602 interce-

206 2614 252 2644 dit
274 2625 418 2645 anuorum
440 2618 493 2646 ⁶29.
514 2615 593 2645 inter
614 2619 743 2645 mortem
763 2616 858 2656 patris
881 2621 912 2645 et

206 2657 269 2693 filii,
299 2658 373 2688 satis
404 2668 576 2696 congruens
605 2657 726 2688 rationi.
787 2658 911 2689 Eleusis

206 2705 290 2730 certe
301 2701 358 2730 fuit
372 2701 403 2730 in
419 2701 531 2731 finibus
548 2700 773 2739 Megarensium
790 2701 861 2737 sita,
880 2706 911 2730 et.

207 2740 238 2769 iu
261 2742 381 2779 itinere,
401 2754 462 2782 quo
481 2744 541 2773 itur
557 2743 682 2774 Athenis
705 2743 885 2773 Corinthum
902 2755 909 2781 3

209 2786 241 2812 et
264 2784 334 2815 ideo
356 2786 442 2815 locus
463 2786 552 2817 etiam
569 2796 627 2816 non
643 2787 786 2816 abhorret
805 2796 823 2815 a
837 2796 910 2816 con-

204 2826 334 2863 jectura.
378 2829 440 2858 Sed
462 2832 493 2858 et
519 2830 596 2859 forte
622 2828 653 2858 in
680 2829 739 2858 hoo
765 2829 834 2858 loco
854 2829 912 2858 fuit

208 2868 347 2908 καύχησις
360 2870 539 2907 Antiochus,
550 2871 603 2910 qui
618 2882 707 2901 avum
723 2881 809 2901 suum
822 2882 910 2910 στρα-

208 2909 290 2947 τηγὸν
301 2916 399 2948 vocat,
414 2913 466 2951 qui
481 2918 596 2943 tantum
611 2913 691 2944 fuit
681 2914 911 2953 υποστςίιτηγος.

210 2954 286 2982 Haec
301 2963 358 2993 ego
372 2954 482 2985 velut
474 2966 506 2986 ru
529 2956 665 2987 tenebris
691 2957 911 2988 tentabundus.

1251 884 1315 915 ‘²8⁵¹

949 953 982 983 Si
998 954 1066 992 quis
1088 953 1218 983 certiora
1241 952 1393 992 docuerit,
1408 953 1516 983 lubens
1542 952 1656 992 emple-

948 995 1045 1026 οἴω-Ρ
1068 996 1146 1025 Haec
1163 995 1346 1025 Palmerius.
1369 996 1474 1025 IDEM.

991 1041 1143 1079 Φυλαρχῶν
1172 1040 1223 1072 τῆς
1250 1037 1382 1078 Ὀλυζίοις
1411 1037 1436 1067 ἐν
1471 1037 1653 1078 Σπαρτώλου]

947 1081 1032 1117 Quid
1056 1082 1113 1110 hoo
1137 1082 1188 1116 sil,
1211 1081 1309 1110 fateor
1330 1091 1378 1110 me
1398 1080 1550 1119 ignorare.
1572 1081 1655 1110 nulla

945 1123 1003 1153 fuit
1020 1122 1138 1162 Ὀλυζίσι
1153 1125 1227 1163 φυλῆ
1243 1123 1382 1152 Athenis.
1415 1123 1449 1152 Si
1464 1133 1532 1161 quae
1547 1123 1655 1153 suisset

946 1167 1012 1204 ejus
1033 1166 1162 1195 nominis
1186 1166 1217 1194 in
1235 1165 1391 1204 Spartolo‚
1416 1175 1474 1194 non
1498 1166 1655 1196 habuisset

944 1208 1144 1247 phylarchum
1170 1208 1401 1238 Atheniensem.
1427 1213 1475 1236 est
1498 1207 1579 1237 enim
1599 1208 1653 1237 tri-

945 1251 1036 1287 bulis,
1049 1261 1108 1281 non
1124 1251 1273 1287 extranei,
1290 1250 1420 1281 officium
1436 1249 1469 1279 τὸ
1485 1252 1652 1292 φυλαςχεῖν.

946 1295 1105 1324 Incassum
1121 1293 1280 1329 laborabit,
1292 1294 1465 1332 quicunque
1476 1292 1552 1322 hanc
1565 1293 1652 1322 lecti-

945 1347 1031 1367 onem
1049 1336 1127 1368 tueri
1143 1337 1316 1367 contendet.
1341 1337 1423 1375 Lege
1436 1345 1503 1365 meo
1514 1335 1652 1375 periculo

945 1379 1004 1414 ‘ric’
1021 1378 1170 1413 Ὀλυνθίοις
1195 1379 1221 1409 ἐν
1242 1385 1299 1409 Σπ.
1324 1384 1355 1409 et
1375 1379 1559 1418 interpunge
1582 1385 1653 1417 post

944 1425 1108 1463 φυλαςχῶν.
1142 1423 1336 1453 Menexenus
1354 1432 1417 1451 suae
1432 1421 1530 1451 tribus
1542 1422 1653 1451 ductor

945 1471 1022 1503 erat,
1038 1472 1068 1495 et
1084 1465 1227 1495 occubuit
1243 1465 1271 1494 in
1287 1475 1390 1504 pugna
1411 1464 1448 1493 ad
1465 1464 1651 1502 Spartolum,

945 1509 995 1547 qui
1011 1510 1097 1538 locus
1112 1508 1169 1538 suit
1180 1509 1209 1538 in
1224 1508 1436 1546 Olynthiorum
1453 1506 1577 1536 ditione.
1602 1508 1652 1536 De

946 1562 983 1580 ea
1008 1561 1120 1590 pugna,
1143 1561 1211 1588 quae
1234 1551 1314 1579 facta
1335 1554 1381 1578 est
1402 1550 1439 1578 ad
1465 1549 1650 1587 Spartolum,

945 1603 1002 1622 non
1030 1593 1121 1630 longe
1143 1593 1181 1621 ab
1203 1592 1350 1630 Olyntho,
1373 1591 1422 1620 adi
1438 1591 1651 1630 Thucydidem

945 1634 1023 1664 libro
1032 1636 1178 1670 secundo,
1187 1640 1214 1665 et
1228 1635 1332 1673 procul
1341 1634 1434 1664 dubio
1446 1634 1533 1664 dabis
1544 1644 1650 1664 manus

946 1683 1058 1706 nostrae
1089 1678 1310 1707 emendatione.
1347 1677 1514 1707 PALMER.
1550 1677 1651 1706 Aliam

945 1720 1024 1749 viam
1040 1719 1116 1749 inire
1132 1720 1156 1749 si
1172 1720 1284 1759 placet,
1302 1719 1419 1759 gemina
1432 1723 1529 1758 patet.
1546 1719 1653 1753 altera,

946 1767 978 1792 ut
994 1767 1121 1798 statuas,
1143 1764 1174 1792 id
1199 1763 1280 1802 quod
1304 1768 1403 1792 tamen
1426 1773 1524 1801 neque
1547 1762 1653 1791 doceri

945 1810 1058 1843 potest,
1073 1811 1104 1835 et
1118 1817 1135 1836 a
1152 1805 1217 1836 veri
1233 1805 1433 1835 similitudine
1446 1806 1537 1843 longe
1553 1806 1650 1840 abest,

944 1848 1040 1878 fnisse
1055 1848 1183 1879 Athenis
1203 1850 1303 1887 φυλὴν
1317 1849 1347 1878 h.
1365 1859 1393 1878 e.
1395 1852 1543 1878 'turmam
1558 1858 1652 1886 eque-

944 1895 1036 1920 strem
1056 1893 1133 1933 (non
1154 1892 1277 1927 tribum,
1302 1901 1369 1921 nam
1391 1891 1429 1921 de
1454 1890 1537 1919 tribu
1566 1890 1652 1920 civili

944 1944 1069 1973 prorsus
1090 1934 1139 1963 hic
1160 1945 1197 1963 ne
1221 1934 1418 1972 cogitandum
1441 1933 1565 1972 quidem
1587 1932 1652 1972 est)

944 1978 981 2004 ab
1008 1977 1124 2014 Ulysse
1148 1975 1314 2005 Ὀδυσσειόιν
1338 1976 1460 2005 dictam.
1487 1975 1592 2011 altera,
1619 1979 1653 2004 ut

944 2019 995 2050 τῆς
1012 2017 1158 2057 Ὀδρυσίοις
1176 2019 1308 2057 legatur.
1328 2028 1396 2047 nam
1416 2017 1475 2047 etsi
1494 2018 1651 2056 Spar-tolus

945 2061 1135 2099 Odrysarum
1166 2071 1223 2090 non
1255 2061 1323 2095 suit,
1354 2060 1409 2089 sed
1436 2059 1649 2095 Bottiaeorum,

945 2102 1010 2131 fieri
1023 2107 1122 2132 tamen
1139 2103 1248 2142 potuit,
1266 2108 1299 2132 ut
1316 2104 1413 2132 Isaeus
1423 2102 1559 2131 locorum
1570 2103 1648 2132 situs

943 2145 1024 2174 haud
1041 2146 1116 2174 satis
1132 2149 1215 2174 esset
1228 2145 1356 2185 perituS‚
1373 2154 1470 2183 eoque
1486 2144 1652 2183 Odrysiam

944 2197 1014 2216 cum
1047 2188 1177 2218 Bottiaea
1210 2187 1434 2217 commisceret.
1494 2187 1651 2227 Quicquid

945 2231 1011 2268 ejus
1027 2235 1085 2266 est,
1102 2233 1255 2272 φυλαςχῶν
1267 2231 1297 2260 h.
1313 2231 1333 2259 Ι.
1345 2229 1497 2269 significat
1508 2240 1588 2266 eum,
1598 2231 1651 2269 qui

944 2278 1068 2312 praeest,
1092 2284 1151 2303 non
1173 2273 1256 2303 domi
1276 2272 1386 2309 tribui,
1401 2272 1457 2302 sed
1476 2273 1562 2309 soris,
1578 2274 1608 2303 h.
1623 2283 1650 2303 e.

946 2316 976 2345 in
998 2316 1092 2351 bello,
1115 2320 1223 2346 turrnae
1249 2317 1298 2346 vel
1325 2316 1381 2345 alae
1410 2316 1554 2354 equestri.
1602 2317 1650 2346 De

945 2360 1117 2398 στρατηγοῖς
1131 2366 1245 2395 autem,
1262 2369 1329 2398 quae
1348 2358 1439 2398 paulo
1455 2363 1524 2388 ante
1543 2358 1649 2397 dispu-

946 2403 1029 2431 tabat
1045 2403 1228 2439 Palmerius,
1239 2412 1288 2431 res
1297 2401 1393 2431 dubio
1404 2404 1499 2431 caret.
1533 2401 1649 2431 Notum

945 2444 1022 2474 enim
1039 2450 1085 2474 est
1097 2445 1144 2474 vel
1159 2445 1262 2484 pueris
1274 2456 1289 2474 e
1301 2445 1434 2483 Nepote,
1445 2448 1558 2483 praeter
1570 2455 1651 2473 surn-

945 2497 1026 2516 mum
1043 2487 1197 2517 exercitus
1212 2488 1333 2522 ducem,
1350 2487 1450 2516 adhue
1469 2486 1545 2516 alios
1558 2486 1651 2516 fuisse

945 2530 1104 2569 Strategos
1126 2530 1200 2560 item
1220 2531 1332 2566 dictos,
1356 2529 1467 2569 quibus
1489 2529 1649 2568 imperium

945 2573 1076 2603 militare
1092 2583 1149 2602 non
1166 2578 1246 2604 esset
1257 2572 1314 2603 nisi
1331 2582 1474 2607 aunuum,
1488 2576 1519 2601 et
1531 2572 1651 2611 quoties

945 2615 1020 2655 ipsis
1050 2616 1210 2655 imperium
1235 2619 1463 2654 prorogaretur,
1485 2615 1578 2644 toties
1603 2614 1650 2643 di-

945 2662 1056 2688 cuntur
1080 2661 1293 2697 στςατηγῆσαι.
1337 2658 1390 2688 Sic
1408 2657 1570 2687 AEsohines
1595 2658 1650 2686 fra-

945 2705 1021 2730 trem
1039 2711 1124 2730 snum
1137 2702 1215 2731 dicit
1230 2706 1287 2737 ter,
1308 2706 1340 2730 et
1353 2700 1440 2729 annis
1455 2699 1577 2738 quidem
1597 2699 1649 2728 tri-

947 2745 1003 2773 bus
1012 2744 1173 2780 continuis,
1183 2746 1381 2782 strategatum
1389 2743 1649 2782 gessisseffimsx.

944 2784 1093 2819 Ὀλυνθίας
1126 2797 1246 2826 quoque
1278 2785 1424 2815 Paumier
1456 2784 1494 2814 de
1521 2785 1649 2813 Grente-

945 2829 1065 2864 mesnil,
1080 2828 1131 2868 qui
1147 2829 1177 2858 in
1190 2829 1248 2859 hoo
1262 2829 1330 2858 loco
1344 2827 1455 2857 multus
1467 2826 1583 2867 (inquit
1598 2826 1647 2855 Io-

946 2871 1066 2912 nesius)
1080 2876 1110 2901 et
1122 2872 1264 2910 vapidus,
1276 2870 1458 2909 corrigebat.

989 2914 1041 2944 Tou
1055 2913 1110 2954 μὲν
1124 2915 1239 2956 τοῦτον]
1263 2915 1326 2945 Pro
1346 2912 1446 2944 media
1459 2920 1533 2941 voce
1548 2908 1649 2940 malim

945 2956 1055 2995 μέντοι.
1080 2957 1201 2987 Rnrsx.
