1981 3255
658 183 740 224 AD
774 179 1122 223 LYCURGUM.
1528 178 1607 219 371

172 301 363 350 ποιήματα
383 299 592 350 φερόμενος.
613 295 666 334 cf.
686 295 779 346 Lyc.
795 307 831 332 c.
851 297 916 333 20.
937 297 1000 332 23.
1023 296 1086 331 24.
1108 294 1171 331 26.
1190 294 1254 329 28.
1298 291 1449 330 citatur
1467 291 1608 330 deinde

172 360 417 398 disertissime
443 371 464 395 a
491 356 680 395 Strabone
708 356 733 394 l.
756 355 869 393 Xlll.
897 367 936 405 p.
959 358 1053 394 601.
1079 352 1195 402 (Vide
1216 351 1381 402 Lycurg.
1405 365 1440 390 c.
1461 355 1538 401 15.)
1556 353 1606 391 ab

172 420 361 458 Athenaeo
381 420 405 456 1.
428 417 546 456 XIII.
565 430 602 467 p.
623 421 714 456 290.
736 417 922 468 (Lycurg.
950 428 986 453 c.
1007 417 1064 463 6.)
1083 414 1132 451 ab
1153 412 1356 451 Eustathio
1372 426 1412 463 p.
1431 418 1521 452 259.
1542 413 1603 452 ed.

171 481 258 518 Bas.
284 480 464 530 (Lycurg.
492 492 527 516 c.
558 480 638 525 15.)
659 491 681 515 a
708 478 839 516 Schol.
865 475 1117 527 Aristophan.
1144 474 1182 511 in
1208 474 1323 511 Pluto
1342 486 1378 510 v.
1398 478 1490 512 282.
1511 474 1603 525 (Ly-

171 554 276 591 curg.
293 554 328 578 c.
344 540 428 588 20.)
447 539 607 590 aliisque
629 552 743 589 quarn
764 538 950 589 plurimis.

223 594 307 639 Sub
337 600 429 651 ipsis
452 600 571 638 literis
602 600 891 638 renascentibus
912 601 959 636 A.
980 611 1035 636 sc.
1059 595 1260 635 MDXIlI.
1282 596 1422 633 Graece
1447 596 1606 639 excudit

169 661 293 700 Aldus
316 661 397 699 Fol.
426 675 498 699 una
526 675 612 699 cnm
636 661 692 707 iis,
714 675 801 711 quae
827 665 1044 710 supersunt,
1070 658 1209 709 Lysiae,
1231 656 1419 694 AEschinis
1446 656 1535 694 etc.⁷
1553 678 1604 685 ——

169 724 309 761 Graece
351 723 488 760 iterum
536 722 733 772 Philippus
767 721 992 760 Melanthon
1039 732 1124 758 cum
1164 717 1389 769 praefatione
1435 716 1601 757 Vitemb.

166 784 375 821 MDXLV.
397 788 434 821 8.
455 784 668 833 iterumque
692 783 796 833 Lips.
819 781 1097 820 MDLXVIII.
1119 784 1156 818 8.
1177 778 1312 816 Latine
1339 783 1464 816 autem
1487 778 1604 816 Fran-

101 846 107 852 ’
164 845 242 883 cof.
264 845 534 882 MDLXV111.
555 850 593 883 8.
613 858 659 882 ex
678 844 828 882 officina
850 844 953 882 Petri
975 841 1212 880 Brubachii.‘³
1246 840 1390 877 Eodem
1413 844 1602 890 tempore,

165 920 242 957 quo
264 909 487 946 Melanthon
508 920 663 957 operam
686 908 860 958 Lycurgo
880 906 1081 957 impendit,
1104 902 1356 953 impendebat
1377 902 1490 940 etiarn
1518 902 1602 940 lite·

163 981 286 1005 rarum
320 970 449 1006 studio
481 968 818 1018 conjunctissimus
844 967 981 1007 Joach.
1010 965 1253 1005 Camerarius
1282 964 1601 1013 Papebergensis,

163 1029 229 1078 qui
246 1037 282 1067 et
299 1030 503 1068 Latinitate
517 1031 688 1080 donavit,
709 1030 886 1079 notisque
903 1029 1056 1079 insuper
1069 1027 1286 1065 illustravit.
1319 1024 1442 1073 Cujus
1458 1031 1600 1070 tamen,

163 1104 283 1138 neque
305 1092 591 1141 interpretatio,
614 1105 740 1142 neque
759 1091 1136 1137 Animadversiones,
1160 1090 1197 1127 in
1219 1089 1322 1126 hunc
1343 1100 1466 1137 usque
1485 1088 1600 1133 diem,

163 1152 267 1200 quod
284 1146 413 1196 sciam,
428 1152 618 1202 prodiere.
674 1152 811 1189 Versio
826 1152 966 1189 deinde
988 1158 1044 1189 est
1067 1151 1199 1188 loann.
1223 1148 1398 1186 Loniceri
1413 1147 1601 1195 offeram,

163 1213 328 1262 utrique,
353 1219 427 1250 tam
458 1213 713 1259 Melanthoni‚
734 1226 850 1263 quam
870 1213 1105 1258 camerario,
1131 1210 1369 1257 amicissimi,
1396 1222 1473 1259 quo
1495 1211 1600 1247 Mar-

162 1273 272 1323 burgi
292 1274 493 1312 cattorum
513 1275 640 1312 literas
662 1276 825 1312 Graecas
848 1288 917 1325 per
944 1275 1081 1312 multos
1109 1286 1231 1310 annos
1251 1272 1396 1317 docuit,
1425 1278 1463 1308 et
1485 1284 1599 1321 quam

159 1334 343 1384 plurimos
363 1342 538 1373 auctores
561 1336 692 1373 Latine
715 1336 904 1387 exposuit,
922 1337 1139 1388 Lycurgum
1161 1346 1299 1384 nempe
1320 1333 1420 1369 inter
1439 1332 1547 1379 alios,
1562 1339 1601 1370 et

160 1397 459 1435 Demosthenem
484 1398 531 1435 de
559 1399 673 1445 Pace,
697 1412 784 1448 quae
814 1399 1021 1436 Orationes
1050 1399 1099 1435 ab
1131 1397 1196 1434 illo
1218 1408 1337 1433 versae
1375 1394 1601 1443 prodierunt

160 1460 277 1499 Basil.
294 1460 620 1499 MDXLV111.8.
635 1483 684 1488 ——
697 1461 838 1497 Graece
853 1460 1020 1509 denique
1038 1458 1264 1509 publicavit,
1287 1457 1384 1493 iuter
1397 1457 1597 1502 Oratores,

159 1533 256 1570 quos
275 1521 322 1558 ab
345 1521 448 1558 Aldo
468 1521 655 1571 expressit
677 1521 868 1560 Henricus
888 1521 1108 1571 Stephanus
1131 1519 1249 1556 Paris.
1266 1517 1518 1555 MDLXXV.
1533 1516 1599 1555 fol.

163 1581 327 1631 adjectis
348 1581 778 1632 marginieonjecturis,
805 1582 850 1619 iis
869 1594 958 1619 vero
983 1579 1253 1631 paucissimis.⁹
1286 1579 1487 1616 Postremo
1512 1590 1600 1616 cum

211 1695 224 1716 ⁷
249 1693 389 1734 [Aldiua,
404 1693 542 1722 Venetiis
559 1704 575 1722 a
592 1694 686 1724 1513.
702 1692 862 1731 impressa,
898 1701 968 1719 vero
984 1691 1055 1719 Vol.
1071 1690 1117 1719 II.
1138 1687 1294 1718 AEschinis
1319 1686 1423 1721 vitam,
1447 1687 1600 1726 Apollonii

160 1741 278 1766 constat
301 1737 398 1766 tribus
414 1735 540 1773 singulis
567 1736 716 1774 partibus,
731 1736 783 1764 sed
804 1744 862 1763 uno

159 1779 251 1811 editis
263 1789 339 1809 anno
360 1785 389 1809 et
404 1789 518 1809 mense.
544 1779 663 1807 Volum.
687 1778 713 1808 1.
728 1777 862 1807 continet

159 1822 380 1852 dedicationem
400 1822 436 1851 ad
468 1821 596 1860 Baptist.
620 1820 778 1859 Egnatium
802 1821 860 1849 Ve-

160 1870 275 1900 netum,
305 1866 422 1894 subscr.
450 1865 494 1894 Μ.
522 1864 622 1902 Aprili
653 1866 760 1901 1513;
798 1868 859 1892 tum

159 1908 307 1938 Isocratis
336 1908 434 1938 Vitam
465 1918 482 1937 e
512 1906 676 1937 Plutarcho
701 1911 732 1935 et
760 1906 859 1935 Philo-

160 1955 254 1980 strato
270 1961 337 1980 cum
365 1960 491 1979 censura
509 1949 649 1988 Dionysii
668 1948 860 1978 Halicarnas-

160 1994 270 2022 sensis.
303 1994 476 2031 Sequuntur
490 1993 625 2031 ejusdem
643 1993 740 2020 Oratt.
758 1991 858 2020 XXI.

160 2035 230 2065 inde
247 2046 265 2064 a
281 2047 308 2074 p.
326 2038 338 2064 1
353 2037 479 2065 —197.
493 2052 536 2057 —
559 2035 585 2064 A
601 2044 671 2072 pag.
697 2036 750 2064 98.
775 2034 859 2071 (narn

160 2087 251 2117 pagg.
280 2078 414 2109 1—97.
437 2076 563 2116 desunt)
586 2076 708 2113 Gorgiae
732 2076 860 2105 Helenae

160 2130 274 2149 encom.
289 2120 439 2150 Aristides
451 2119 703 2152 Panathenaicus,
719 2124 749 2148 et
761 2118 860 2157 ejusd.

160 2163 268 2192 Romae
283 2162 461 2192 encomium.
477 2179 518 2185 —
533 2162 602 2191 Vol.
619 2161 663 2191 II.
686 2171 753 2190 oum
781 2171 859 2190 novo

160 2206 249 2235 titulo
265 2210 294 2235 et
309 2205 500 2235 dedicatione
516 2205 552 2234 ad
569 2205 722 2234 Francisc.
746 2204 860 2234 Faseo-

160 2249 233 2284 lum,
263 2249 293 2278 in
318 2258 374 2287 qua
411 2248 509 2278 Aldus
539 2254 676 2277 enarrat:
715 2248 859 2276 Oratores

160 2293 286 2321 Graecos
301 2292 431 2320 minores
446 2291 571 2320 latuisse
597 2291 625 2319 in
647 2293 750 2319 monte
769 2290 860 2325 Atho,

160 2334 231 2364 inde
247 2345 264 2364 a
281 2334 405 2364 Lascari
421 2334 598 2363 doctissimo
613 2333 745 2367 homine,
762 2333 860 2371 Regis

161 2377 271 2407 Galliae
286 2377 364 2416 apud
389 2377 524 2406 Venetos
549 2376 660 2413 legato,
682 2376 715 2405 in'
738 2375 859 2405 Italiam

163 2430 231 2450 esso
256 2421 413 2450 advectos.
458 2420 587 2449 Miserat
613 2419 733 2448 scilicet
762 2419 858 2457 ipsum

162 2464 345 2493 Laurentius
365 2462 503 2492 Medices
523 2462 553 2491 in
572 2462 732 2497 Graeciam,
756 2462 793 2490 ad
816 2462 860 2490 in-

162 2506 325 2545 quirendos
350 2505 453 2542 simul,
475 2511 504 2535 et
528 2504 687 2544 quantovis
717 2505 861 2534 emendos

163 2549 275 2588 pretio,
290 2550 385 2579 bonos
408 2549 513 2578 libros.
525 2566 570 2571 —-
583 2548 621 2577 Id
637 2548 746 2577 factum
765 2552 811 2576 est
832 2557 859 2577 a.

165 2590 260 2628 1508,
277 2596 309 2622 ut
324 2592 419 2621 Aldus
439 2592 523 2630 praef.
538 2591 574 2620 ad
594 2591 744 2620 Rhe-tores
762 2591 861 2620 Graeo.

164 2633 272 2664 Venet.
301 2636 394 2665 1508.
417 2634 469 2664 fol.
491 2635 594 2664 tradit.
639 2634 716 2670 Quae
740 2633 860 2672 quidem

164 2676 214 2716 ed.
231 2677 396 2707 Rhetorum
414 2678 586 2707 Graecorurn
604 2686 737 2716 perrara,
750 2676 788 2704 de
804 2686 863 2714 quu

166 2718 296 2749 Wolfius
318 2721 356 2750 V.
383 2719 435 2749 Ill.
461 2720 663 2754 existimabat,
687 2718 717 2748 in
740 2719 862 2748 Germa-

166 2760 216 2790 nia
238 2762 353 2792 unicum
377 2763 491 2792 servari
518 2763 734 2802 Heidelbergae
761 2771 863 2791 exem-

167 2803 231 2842 plar
255 2804 444 2842 (mundent.
469 2806 527 2835 1v.
552 2805 653 2844 525),
680 2815 715 2834 ea
730 2815 861 2843 quoque,

164 2846 217 2884 (ut
237 2845 335 2875 obiter
350 2847 406 2876 hoc
427 2848 579 2887 moneam)
592 2854 622 2878 et
644 2847 744 2887 plena,
760 2851 863 2877 exstat

165 2887 194 2917 in
206 2888 585 2929 Bibliotb.Hamburgensi
600 2892 711 2930 Gymn.
723 2889 862 2926 hennei,

167 2931 196 2960 ni
213 2931 299 2961 fallor
321 2942 336 2960 e
360 2931 505 2962 Biblioth.
521 2934 548 2962 Ι.
563 2933 635 2963 Alb.
660 2933 804 2964 Fabricii.
820 2951 860 2955 -—

167 2974 226 3003 Sed
253 2973 433 3004 revertimur
458 2975 496 3004 ad
524 2976 676 3006 Nostram.
720 2976 861 3006 Continet

895 1733 933 1766 εἷς
948 1733 1039 1773 Αἷσχ.
1061 1732 1173 1770 ἐξήγεσ.
1193 1731 1292 1769 ejusd.
1309 1730 1394 1759 Orat.
1410 1730 1478 1759 ΙΙΙ.
1494 1735 1523 1759 et
1542 1731 1600 1770 Ly-

895 1775 946 1805 siae
965 1776 1132 1806 XXVIII.
1157 1774 1225 1803 Vol.
1247 1774 1309 1802 Ill.
1329 1783 1407 1801 novo
1425 1773 1597 1811 insignitum

894 1819 996 1856 titulo,
1020 1819 1072 1848 sed
1096 1818 1160 1847 sine
1191 1817 1275 1855 praef.
1308 1816 1435 1844 exhibet
1463 1816 1598 1846 Andoci-

893 1862 976 1897 dem,
998 1861 1121 1895 Isaenm,
1152 1859 1350 1893 Dinarchum,
1371 1857 1600 1896 Antiphontem,

894 1905 1078 1942 Lycurgum,
1095 1903 1218 1940 Gorgia.²
1234 1900 1312 1940 ῦωὲς
1328 1906 1456 1938 Παλιμ.
1476 1901 1594 1931 Lesbo-

894 1947 988 1976 riaclis
1005 1948 1047 1976 11.
1064 1954 1092 1975 et
1110 1945 1245 1974 Herodis
1267 1944 1327 1983 πεξῖ
1353 1942 1498 1977 πολιτείας
1520 1946 1597 1975 Ora-

892 1989 1002 2019 tiones.
1026 1987 1195 2026 Bncxtn]

946 2031 959 2049 ⁸
981 2031 1045 2071 [De
1067 2027 1343 2060 Melancthonianis
1371 2028 1440 2057 edd.
1462 2027 1594 2060 Viternb.

894 2076 987 2104 1545.
1010 2080 1040 2104 et
1066 2074 1153 2112 Lips.
1184 2073 1276 2102 1568.
1304 2070 1376 2099 nihil
1394 2074 1514 2105 statuo;
1540 2072 1594 2101 sed

892 2117 1054 2156 Taylorurn
1071 2119 1121 2146 erl.
1141 2114 1280 2144 Francof.
1301 2123 1451 2151 nunquam
1477 2112 1594 2144 vidisse

894 2166 1054 2199 propterea
1077 2159 1149 2188 mihi
1173 2157 1320 2186 credibile
1350 2161 1409 2191 est,
1436 2156 1517 2194 quod
1555 2166 1594 2187 ex

894 2203 1021 2232 Officina
1038 2203 1071 2237 Ρ.
1094 2200 1260 2231 Brubacliii
1282 2209 1339 2228 uon
1363 2199 1459 2228 solum
1478 2198 1596 2236 Latine,

894 2246 947 2275 sed
963 2246 1051 2275 etiam
1068 2244 1177 2275 Graece
1200 2242 1312 2272 exierit
1333 2240 1466 2281 Lycurgi
1489 2243 1594 2272 Oratio

893 2299 920 2318 a.
936 2290 1030 2319 1548.
1043 2298 1146 2317 mense.
1161 2288 1245 2325 Sept.
1278 2285 1356 2314 Utor
1369 2285 1425 2313 hac
1449 2284 1595 2322 editione,

893 2333 980 2370 cujus
1010 2331 1167 2369 inscriptio
1198 2334 1259 2358 est:
1292 2330 1346 2358 Or.
1381 2327 1456 2365 Lyc.
1491 2333 1596 2358 contra

894 2375 1002 2404 Leocr.
1018 2375 1203 2403 desertorem
1225 2371 1342 2410 patriae,
1365 2370 1540 2400 dulcissime
1554 2371 1595 2401 de

895 2417 1001 2447 officiis
1030 2417 1136 2455 patriae
1164 2415 1279 2445 debitis
1314 2413 1480 2442 disserens.
1517 2414 1594 2444 Cum

894 2461 979 2500 praet'.
1008 2460 1085 2489 l’bil.
1105 2456 1335 2489 Melancthonis.
1358 2455 1472 2485 Eadem
1498 2457 1594 2486 oratio

894 2513 1041 2532 conversa
1062 2503 1092 2532 in
1118 2501 1256 2531 Latinum
1276 2509 1442 2529 sermonem
1467 2509 1484 2528 a
1514 2500 1595 2529 Phil.

896 2545 1115 2575 Melancth.—
1126 2544 1225 2581 Igitur
1237 2542 1349 2571 erravit
1360 2542 1388 2572 I.
1401 2542 1472 2571 Alb.
1491 2541 1595 2572 Fabri·

896 2589 972 2622 cius,
994 2598 1083 2626 quum
1106 2588 1135 2617 in
1152 2586 1234 2615 Bibl.
1251 2586 1304 2615 Gr.
1320 2584 1347 2615 l.
1366 2595 1397 2623 p.
1413 2586 1486 2616 916.
1503 2595 1591 2623 noga-

895 2637 952 2665 ret,
979 2631 1055 2661 Mel.
1086 2629 1362 2669 interpretationem
1396 2633 1529 2661 exstare,
1566 2632 1595 2656 et

897 2674 1037 2704 Loniceri
1054 2674 1179 2713 primam
1197 2671 1328 2701 omnium
1345 2669 1446 2699 fuisse.
1471 2670 1593 2710 lumb]

951 2719 964 2738 ⁹
990 2717 1133 2757 [Henric.
1158 2714 1346 2753 Stephanus,
1372 2713 1400 2741 in
1438 2712 1591 2750 Lycurgo,

897 2760 1011 2790 auxilio
1034 2764 1167 2789 veterum
1191 2757 1288 2786 Codd.
1305 2756 1394 2794 plane
1415 2754 1592 2789 destitutus,

896 2803 1077 2842 sequebatur
1094 2801 1243 2834 Aldinam,
1264 2800 1316 2828 sed
1344 2798 1395 2832 itn,
1414 2801 1447 2825 ut
1471 2801 1593 2835 apertos

895 2846 984 2876 istius
999 2855 1116 2875 errores
1136 2841 1371 2882 typographicos
1383 2839 1474 2868 tacite
1491 2849 1592 2868 emen-

895 2890 992 2924 daret,
1004 2893 1034 2918 et
1047 2887 1200 2927 suspectis
1222 2885 1299 2914 locis
1314 2883 1503 2919 conjecturas
1522 2889 1592 2911 sun

894 2930 1022 2971 margini
1044 2933 1222 2971 apponeret,
1237 2927 1381 2956 lectorum
1402 2923 1519 2961 judicio
1539 2933 1592 2954 οι·

895 2975 1080 3015 relinquens.
1105 2973 1194 3003 Praef.
1220 2980 1250 3008 p.
1267 2970 1297 2997 7.
1315 2984 1357 2990 -
1372 2965 1490 3001 Latina,
1502 2976 1590 3006 quan
