1981 3255
363 220 448 262 516
875 219 1273 262 HAUPTMANNI

368 330 636 368 Demosthenis
656 330 896 380 Olynthiacis
916 332 1148 370 orationibus
1173 332 1388 371 facundiam
1416 346 1518 371 suam
1544 334 1781 383 opposuisse,

368 397 529 429 narrant.
586 391 672 428 Hoc
693 398 731 429 et
750 392 809 428 ille
830 393 980 441 passim,
998 394 1164 441 quamvis
1185 394 1418 432 adversarios
1439 408 1514 432 non
1535 395 1713 444 appellet,
1732 395 1785 433 in-

364 451 467 494 nuit;
508 452 575 489 sed
607 452 773 502 apertius
801 453 914 489 habet
941 453 1069 490 Suidae
1099 454 1286 500 collectio,
1310 455 1526 504 jungitque,
1554 455 1672 504 quod,
1696 468 1781 493 cum

363 512 615 562 Euthycrates
633 513 841 562 Olynthius
864 513 1037 561 Philippo
1058 514 1214 562 patriam
1242 516 1483 564 prodidisset,
1503 523 1539 552 et
1566 516 1652 553 hinc
1678 516 1786 565 apud,

363 572 614 609 Athenienses
643 572 790 608 infamis
819 572 930 616 foret,
952 572 1141 609 Demades
1168 586 1250 610 cum
1279 575 1500 612 honoratum
1520 582 1559 612 et
1578 576 1783 613 Athenien-

364 634 457 671 sium
488 633 674 682 hospitem
708 632 863 680 publico
895 634 1052 670 decreto
1079 646 1146 670 suo
1177 633 1323 673 fecerit.
1380 636 1486 673 Istud
1517 643 1654 681 tamen,
1674 643 1716 672 ut
1743 642 1783 672 et

363 695 513 732 alterum
542 694 752 738 decretum,
775 706 852 741 quo
880 694 1023 730 sancire
1047 694 1233 732 laboravit
1254 696 1509 733 obedientiam
1534 709 1684 734 suorum
1703 696 1780 743 (Φι-

361 759 499 806 λίππῳ,
520 753 804 798 τοὺς’Έλληνας
823 754 1039 802 ὑπακούειν),
1055 755 1232 804 equidem
1253 757 1313 793 vix
1332 763 1418 793 ante
1438 769 1602 806 pugnam
1623 758 1781 795 Chaero-

362 829 483 862 neam,
502 828 585 852 cum
620 814 748 859 Suida,
771 828 961 864 ponerem.
1017 816 1173 853 Interim
1207 817 1260 854 ita
1291 817 1450 866 patebit,
1475 830 1555 862 cur,
1579 818 1618 854 in
1649 818 1780 855 eadem

362 889 489 926 pugna
522 882 669 925 captus,
699 876 877 912 victorem
913 882 986 912 tarn
1021 876 1269 915 honorificum
1300 890 1344 914 ac
1376 877 1580 926 benignum
1612 878 1781 916 senserit.

363 937 481 986 Sequi
501 936 1017 985 cogebatur-‚Atheniensium
1039 944 1176 984 castra,
1195 938 1286 975 licet
1305 950 1435 975 revera
1457 938 1624 987 Philippi
1641 938 1784 988 stipen-

361 998 526 1040 diarius3
558 997 645 1034 hinc
667 1002 704 1034 et
725 996 809 1045 capi
829 997 971 1042 maluit,
991 1010 1104 1046 quam
1125 998 1274 1036 fortiter
1299 1011 1477 1048 pugnare.
1533 999 1607 1036 Vix
1635 998 1742 1046 alius,
1761 1012 1782 1036 e

362 1072 474 1109 grege
498 1058 747 1107 captivorum,
768 1058 872 1107 quod
904 1058 1098 1096 Diodorus
1131 1059 1207 1097 Sic.
1227 1060 1334 1097 XVI.
1355 1064 1418 1098 88.
1437 1065 1575 1106 narrat,
1595 1073 1641 1098 eo
1668 1059 1784 1096 modo

363 1119 583 1169 castigasset
613 1119 785 1156 ebrium:
825 1119 1000 1164 Βασιλεῦ,
1034 1127 1097 1164 τῆς
1129 1120 1243 1172 τύχης
1272 1123 1327 1158 σοὶ
1357 1119 1561 1169 περιθείσης
1590 1121 1784 1170 πρόσωπον

360 1182 655 1232 Ἀγαμέμνονος,
676 1179 785 1222 ain-oc
805 1181 867 1217 οὐκ
885 1182 1044 1235 αἰσχύνῃ
1064 1185 1230 1230 πράττων
1249 1180 1341 1231 ἔργα
1351 1184 1541 1232 Θερσίτου,
1561 1194 1638 1231 quo
1657 1187 1791 1221 tamen,

361 1248 555 1292 permotus
575 1254 614 1291 se
634 1247 755 1278 totum
775 1248 895 1278 mutat
915 1242 1128 1291 Philippus.
1183 1242 1258 1280 Sed
1280 1255 1376 1292 opus
1395 1248 1476 1280 erat
1501 1248 1700 1291 praetextu,
1719 1256 1782 1288 ne,

360 1308 539 1353 receptus
555 1302 591 1340 in
607 1301 810 1340 amicitiam
829 1302 939 1350 regis,
954 1302 1038 1338 huic
1055 1303 1188 1346 solum,
1203 1315 1271 1340 nec
1286 1303 1431 1351 patriae,
1443 1302 1565 1340 favere
1583 1303 1789 1347 videretur..

362 1362 559 1408 Profecto,
580 1363 636 1400 vel
668 1369 759 1400 tunc
786 1362 950 1399 Macedo
976 1362 1106 1412 potius
1130 1362 1388 1411 adjumentum
1412 1363 1624 1400 Atticorum
1651 1370 1784 1401 contra

362 1423 508 1469 Persas,
529 1436 643 1473 quam
663 1423 791 1460 odium
818 1436 861 1460 ac
890 1423 1208 1472 desperationem,
1229 1424 1437 1473 quaerebat.
1492 1424 1587 1461 Cum
1607 1437 1698 1473 ergo
1717 1424 1783 1462 de-

362 1490 582 1534 precaretur
603 1483 803 1529 Demades,
823 1484 979 1532 gratiam
999 1497 1101 1520 suam
1124 1484 1419 1520 Atheniensibus
1437 1484 1622 1532 promisit,
1637 1484 1785 1522 occisos

363 1543 574 1582 honerifice
603 1544 843 1594 sepeliendos
872 1543 1029 1589 curavit,
1052 1544 1224 1593 captivos
1253 1544 1332 1581 sine
1362 1543 1632 1593 redemptionis
1660 1545 1786 1594 pretio

362 1605 518 1650 dimisit,
546 1604 736 1641 societatis
764 1610 803 1641 et
832 1604 1008 1640 amicitiae
1039 1604 1161 1641 foedus
1189 1616 1272 1640 cum
1303 1603 1394 1653 ipsis
1421 1605 1625 1651 renovavit,
1650 1618 1784 1655 pacem

363 1664 530 1714 denique
558 1664 794 1703 Boeotiorum
820 1664 919 1713 genti
947 1665 1136 1702 concessit
1166 1664 1372 1712 Philippus.
1427 1662 1568 1702 Partim
1595 1664 1632 1702 id
1659 1672 1784 1713 actum
1819 1704 1822 1708 ,

362 1731 420 1762 est
449 1731 550 1770 ante,
572 1737 686 1774 quam
713 1724 828 1774 hujus
858 1724 1031 1761 convivio
1052 1724 1242 1760 Demades
1261 1723 1425 1769 adesset,
1446 1725 1581 1774 partim
1608 1727 1786 1774 singulari

361 1786 549 1834 legatione
563 1791 753 1835 suscepta.
805 1785 1079 1822 Demosthenes
1097 1785 1207 1822 etiam
1224 1785 1326 1833 pacis
1341 1784 1438 1821 illius
1454 1786 1681 1823 mentionem
1695 1786 1788 1824 facit

361 1859 433 1898 pro
464 1847 616 1884 Corona
646 1860 681 1884 c.
703 1851 766 1885 88.
822 1845 996 1883 Redemit
1027 1854 1168 1891 autem,
1194 1852 1235 1882 ut
1269 1845 1515 1895 fragmentum
1535 1850 1566 1893 ξ.
1586 1851 1650 1884 20.
1673 1846 1787 1884 habet

361 1908 509 1946 cincla.
533 1907 738 1945 secundum
759 1906 856 1943 alios
877 1906 1095 1944 cloclacla.
1117 1905 1326 1943 secundum
1349 1905 1560 1943 Fabricium
1583 1907 1786 1944 cIocIoclo

363 1968 465 2012 XC„
491 1981 587 2018 quos
625 1969 722 2005 inter
755 1967 834 2005 clo.
861 1968 960 2004 cives
996 1975 1114 2004 erant.
1177 1967 1332 2010 Nescio,
1367 1979 1453 2003 num
1493 1972 1599 2012 tunc,
1630 1979 1676 2004 an
1714 1967 1786 2004 alia

362 2029 561 2080 legatione,
594 2029 736 2066 factum
769 2029 829 2073 sit,
861 2034 902 2066 ut
932 2029 1001 2077 ipsi
1034 2041 1142 2065 noxae
1172 2027 1336 2078 duretur,
1372 2026 1488 2076 quod,
1521 2040 1567 2064 ex
1599 2040 1644 2064 eo
1679 2040 1788 2077 quae-

362 2098 468 2128 rente
498 2091 691 2141 Philippo,
717 2090 850 2140 quales
877 2090 1037 2127 Atlienae
1067 2096 1299 2138 quantaeque
1329 2087 1465 2134 forent,
1484 2087 1564 2124 illas
1592 2088 1628 2125 in
1657 2100 1793 2135 mensa·

362 2151 597 2189 describeret
637 2151 847 2189 Demades:
897 2150 1009 2196 unde,
1043 2150 1149 2199 quasi
1196 2149 1352 2198 patriam
1398 2147 1543 2196 injuriis
1580 2147 1784 2195 affecisset,

364 2213 479 2250 immo
513 2212 755 2262 prodidisset,
780 2211 1044 2249 accusabatur.
1073 2224 1106 2247 v.
1135 2211 1316 2259 Hermog.
1343 2210 1423 2259 περὶ
1447 2210 1562 2258 εὐρέα.
1590 2209 1620 2246 1.
1639 2214 1677 2247 2.
1739 2209 1784 2248 Id

364 2286 452 2310 vero
474 2273 585 2322 plane
615 2279 704 2309 tunc
733 2271 883 2318 accidit,
903 2279 959 2315 ut,
984 2271 1045 2308 ubi
1075 2269 1375 2319 Cecropidarum
1401 2268 1492 2306 illud
1522 2269 1646 2306 nobile
1671 2269 1787 2307 robur

365 2334 487 2370 esset?
516 2332 692 2381 Philippo
721 2331 926 2376 sciscitato,
954 2344 1019 2379 per
1047 2329 1272 2381 ἀπόφθεγμα
1300 2329 1559 2379 responderet,
1586 2331 1687 2380 quod
1718 2329 1786 2367 im-

364 2393 522 2430 miscent
553 2393 730 2430 Siobaeus
759 2405 869 2429 serm.
894 2392 978 2429 LII.
999 2405 1037 2441 p.
1057 2395 1145 2428 365.
1167 2399 1204 2427 et
1226 2390 1450 2427 Plutarchus
1477 2403 1546 2440 pro
1574 2391 1722 2427 nobilit.
1747 2390 1785 2428 in

365 2453 527 2489 Fabricii
569 2453 666 2490 Bibl.
698 2454 769 2489 (ir.
799 2453 867 2488 Vl.
894 2457 931 2489 6.
958 2457 994 2491 7.
1022 2452 1068 2488 Τ.
1093 2451 1186 2487 Xll.
1219 2463 1255 2500 p.
1284 2453 1373 2490 270.
1407 2450 1575 2499 itemque
1607 2450 1643 2486 iu
1674 2450 1706 2486 Ι.
1738 2450 1784 2488 C.

365 2513 495 2551 Wolfii
525 2513 721 2551 anecdotis
746 2515 817 2551 Gr.
839 2513 884 2549 T.
907 2512 974 2549 IV.
997 2525 1036 2561 p.
1055 2515 1143 2549 282.
1164 2510 1271 2548 οἶσθα
1290 2513 1349 2557 ἂν,
1375 2508 1401 2547 ὦ
1432 2509 1604 2557 βασιλεῦ,
1637 2513 1685 2552 ὡς
1715 2517 1784 2548 τῶν

365 2579 429 2612 νῦν
454 2572 521 2624 μὲν
542 2572 751 2618 Ἀθηναίων
772 2576 790 2611 ὁ
808 2573 1003 2620 Φίλιππος,
1029 2579 1098 2610 Τῶν
1127 2572 1161 2609 Ee?
1193 2571 1416 2609 Μακεδόνων
1451 2569 1561 2620 ἦρχεν
1593 2572 1611 2607 ὁ
1641 2570 1783 2621 Χάρης.

364 2637 559 2674 Diodorus
585 2635 735 2684 quidem
765 2635 927 2678 Siculus,
960 2635 1065 2671 XVL
1087 2638 1148 2671 88.
1180 2633 1313 2670 horum
1339 2632 1445 2681 plura
1471 2632 1558 2667 dum
1588 2639 1780 2678 memorat,

363 2696 545 2745 insignem
566 2694 681 2739 illuni,
704 2708 814 2743 quein
836 2703 945 2732 antea
965 2695 1141 2740 diximus,
1161 2693 1336 2730 effectum
1358 2691 1485 2740 gratiis
1506 2691 1625 2727 solum
1641 2692 1779 2730 Atticis

364 2755 607 2799 vindicando,
629 2754 685 2791 wel
717 2756 919 2803 ignorasse,
950 2768 1035 2804 quoe
1068 2755 1214 2799 reticet,
1241 2753 1296 2789 vel
1322 2740 1497 2788 moralem
1524 2765 1679 2801 scopum
1707 2753 1779 2791 sibi

364 2816 585 2867 praefixisse,
603 2814 762 2852 videtur.
820 2816 862 2851 ln
882 2816 1077 2865 republica
1094 2813 1282 2851 Demades
1302 2812 1400 2848 haud
1425 2825 1507 2848 raro
1526 2812 1597 2857 sibi
1613 2813 1777 2862 speciem

365 2877 570 2916 honestatis
594 2876 781 2927 quaesivit.
839 2877 980 2912 Eodem
1007 2876 1128 2913 refero
1153 2875 1346 2911 decretum
1375 2873 1480 2918 illud,
1505 2873 1605 2922 quod
1633 2874 1778 2912 Seneca

365 2939 411 2976 de
430 2938 553 2977 benef.
572 2939 636 2975 Vl.
655 2941 716 2976 38.
743 2937 957 2987 perpendit,
986 2944 1020 2974 et
1041 2950 1115 2987 quo
1136 2936 1325 2974 damnavit
1352 2948 1450 2982 eum,
1477 2937 1540 2986 qni
1569 2938 1777 2974 necessaria
