<?xml version="1.0" encoding="UTF-8"?>
<!DOCTYPE html PUBLIC "-//W3C//DTD XHTML 1.0 Transitional//EN"
    "http://www.w3.org/TR/xhtml1/DTD/xhtml1-transitional.dtd">
<html xmlns="http://www.w3.org/1999/xhtml" xml:lang="en" lang="en">
 <head>
  <title>
</title>
<meta http-equiv="Content-Type" content="text/html;charset=utf-8" />
  <meta name='ocr-system' content='tesseract 3.04.00' />
  <meta name='ocr-capabilities' content='ocr_page ocr_carea ocr_par ocr_line ocrx_word'/>
</head>
<body>
  <div class='ocr_page' id='page_1' title='image "./oratoresatticie04dobs/oratoresatticie04dobs_0655.png"; bbox 0 0 1981 3255; ppageno 0'>
   <div class='ocr_carea' id='block_1_1' title="bbox 0 1369 41 3007">
    <p class='ocr_par' dir='ltr' id='par_1_1' title="bbox 0 1369 41 3007">
     <span class='ocr_line' id='line_1_1' title="bbox 0 1369 41 3007; baseline 0 0"><span class='ocrx_word' id='word_1_1' title='bbox 0 1369 41 3007; x_wconf 95' lang='lat' dir='ltr'> </span> 
     </span>
    </p>
   </div>
   <div class='ocr_carea' id='block_1_2' title="bbox 605 193 1266 237">
    <p class='ocr_par' dir='ltr' id='par_1_2' title="bbox 605 193 1266 237">
     <span class='ocr_line' id='line_1_2' title="bbox 605 193 1266 237; baseline -0.003 -1"><span class='ocrx_word' id='word_1_2' title='bbox 605 193 943 237; x_wconf 88' lang='lat' dir='ltr'>SIMULACRI</span> <span class='ocrx_word' id='word_1_3' title='bbox 980 194 1266 236; x_wconf 84' lang='lat' dir='ltr'>REGILLAE.</span> 
     </span>
    </p>
   </div>
   <div class='ocr_carea' id='block_1_3' title="bbox 1567 195 1647 236">
    <p class='ocr_par' dir='ltr' id='par_1_3' title="bbox 1567 195 1647 236">
     <span class='ocr_line' id='line_1_3' title="bbox 1567 195 1647 236; baseline 0.013 -1"><span class='ocrx_word' id='word_1_4' title='bbox 1567 195 1647 236; x_wconf 87' lang='lat'>619</span> 
     </span>
    </p>
   </div>
   <div class='ocr_carea' id='block_1_4' title="bbox 207 309 1513 560">
    <p class='ocr_par' dir='ltr' id='par_1_4' title="bbox 208 309 1513 496">
     <span class='ocr_line' id='line_1_4' title="bbox 211 309 1446 367; baseline 0 -17"><span class='ocrx_word' id='word_1_5' title='bbox 211 310 401 367; x_wconf 85' lang='lat' dir='ltr'><strong>Antiqua</strong></span> <span class='ocrx_word' id='word_1_6' title='bbox 423 311 583 361; x_wconf 82' lang='lat' dir='ltr'>talaria,</span> <span class='ocrx_word' id='word_1_7' title='bbox 605 309 918 365; x_wconf 86' lang='lat' dir='ltr'>Tyrrhenorum</span> <span class='ocrx_word' id='word_1_8' title='bbox 941 316 1233 354; x_wconf 86' lang='lat' dir='ltr'>ornamentum</span> <span class='ocrx_word' id='word_1_9' title='bbox 1250 309 1446 359; x_wconf 88' lang='lat' dir='ltr'>virorum,</span> 
     </span>
     <span class='ocr_line' id='line_1_5' title="bbox 209 373 1513 430; baseline -0.001 -14"><span class='ocrx_word' id='word_1_10' title='bbox 209 374 353 422; x_wconf 90' lang='lat' dir='ltr'>Quum</span> <span class='ocrx_word' id='word_1_11' title='bbox 376 375 512 416; x_wconf 86' lang='lat' dir='ltr'>Hersa</span> <span class='ocrx_word' id='word_1_12' title='bbox 533 380 768 430; x_wconf 84' lang='lat' dir='ltr'>prognatus</span> <span class='ocrx_word' id='word_1_13' title='bbox 791 374 848 414; x_wconf 90' lang='lat' dir='ltr'>sit</span> <span class='ocrx_word' id='word_1_14' title='bbox 869 380 913 415; x_wconf 92' lang='lat' dir='ltr'>et</span> <span class='ocrx_word' id='word_1_15' title='bbox 934 373 1163 427; x_wconf 67' lang='lat' dir='ltr'>Mercurio,</span> <span class='ocrx_word' id='word_1_16' title='bbox 1185 373 1397 430; x_wconf 82' lang='lat' dir='ltr'>siquidem</span> <span class='ocrx_word' id='word_1_17' title='bbox 1418 388 1513 415; x_wconf 90' lang='lat' dir='ltr'>vere</span> 
     </span>
     <span class='ocr_line' id='line_1_6' title="bbox 208 439 1055 496; baseline 0 -15"><span class='ocrx_word' id='word_1_18' title='bbox 208 439 348 496; x_wconf 85' lang='lat' dir='ltr'>Ceryx</span> <span class='ocrx_word' id='word_1_19' title='bbox 367 439 550 481; x_wconf 87' lang='lat' dir='ltr'>Herodis</span> <span class='ocrx_word' id='word_1_20' title='bbox 571 439 768 480; x_wconf 90' lang='lat' dir='ltr'>Thesidae</span> <span class='ocrx_word' id='word_1_21' title='bbox 793 439 1055 494; x_wconf 81' lang='lat' dir='ltr'>progenitor.</span> 
     </span>
    </p>

    <p class='ocr_par' dir='ltr' id='par_1_5' title="bbox 207 503 1487 560">
     <span class='ocr_line' id='line_1_7' title="bbox 207 503 1487 560; baseline 0.001 -17"><span class='ocrx_word' id='word_1_22' title='bbox 207 503 438 559; x_wconf 79' lang='lat' dir='ltr'>Propterea</span> <span class='ocrx_word' id='word_1_23' title='bbox 458 504 709 554; x_wconf 88' lang='lat' dir='ltr'>honoratus,</span> <span class='ocrx_word' id='word_1_24' title='bbox 732 511 773 544; x_wconf 89' lang='lat' dir='ltr'>et</span> <span class='ocrx_word' id='word_1_25' title='bbox 797 503 959 544; x_wconf 86' lang='lat' dir='ltr'>Consul</span> <span class='ocrx_word' id='word_1_26' title='bbox 985 503 1236 553; x_wconf 83' lang='lat' dir='ltr'>ordinarius,</span> <span class='ocrx_word' id='word_1_27' title='bbox 1259 511 1307 545; x_wconf 87' lang='lat' dir='ltr'>ut</span> <span class='ocrx_word' id='word_1_28' title='bbox 1326 505 1487 560; x_wconf 82' lang='lat' dir='ltr'>regium</span> 
     </span>
    </p>
   </div>
   <div class='ocr_carea' id='block_1_5' title="bbox 181 568 1267 624">
    <p class='ocr_par' dir='ltr' id='par_1_6' title="bbox 181 568 1267 624">
     <span class='ocr_line' id='line_1_8' title="bbox 181 568 1267 624; baseline 0.001 -14"><span class='ocrx_word' id='word_1_29' title='bbox 181 569 271 610; x_wconf 78' lang='lat' dir='ltr'>-Ad</span> <span class='ocrx_word' id='word_1_30' title='bbox 294 569 496 610; x_wconf 86' lang='lat' dir='ltr'>Senatum</span> <span class='ocrx_word' id='word_1_31' title='bbox 520 584 564 610; x_wconf 91' lang='lat' dir='ltr'>se</span> <span class='ocrx_word' id='word_1_32' title='bbox 587 570 794 620; x_wconf 84' lang='lat' dir='ltr'>conferat,</span> <span class='ocrx_word' id='word_1_33' title='bbox 816 568 889 610; x_wconf 88' lang='lat' dir='ltr'>ubi</span> <span class='ocrx_word' id='word_1_34' title='bbox 912 570 1108 624; x_wconf 87' lang='lat' dir='ltr'>princeps</span> <span class='ocrx_word' id='word_1_35' title='bbox 1130 570 1267 611; x_wconf 86' lang='lat' dir='ltr'>loeus.</span> 
     </span>
    </p>
   </div>
   <div class='ocr_carea' id='block_1_6' title="bbox 1586 572 1640 611">
    <p class='ocr_par' dir='ltr' id='par_1_7' title="bbox 1586 572 1640 611">
     <span class='ocr_line' id='line_1_9' title="bbox 1586 572 1640 611; baseline 0 0"><span class='ocrx_word' id='word_1_36' title='bbox 1586 572 1640 611; x_wconf 78' lang='lat'>35</span> 
     </span>
    </p>
   </div>
   <div class='ocr_carea' id='block_1_7' title="bbox 206 632 1640 695">
    <p class='ocr_par' dir='ltr' id='par_1_8' title="bbox 206 632 1640 695">
     <span class='ocr_line' id='line_1_10' title="bbox 206 632 1640 695; baseline 0.001 -22"><span class='ocrx_word' id='word_1_37' title='bbox 206 632 255 674; x_wconf 89' lang='lat' dir='ltr'>In</span> <span class='ocrx_word' id='word_1_38' title='bbox 288 634 456 675; x_wconf 72' lang='lat' dir='ltr'>Graecia</span> <span class='ocrx_word' id='word_1_39' title='bbox 488 648 611 690; x_wconf 87' lang='lat' dir='ltr'>porro</span> <span class='ocrx_word' id='word_1_40' title='bbox 644 649 783 690; x_wconf 89' lang='lat' dir='ltr'>neque</span> <span class='ocrx_word' id='word_1_41' title='bbox 813 649 967 695; x_wconf 82' lang='lat' dir='ltr'>genere</span> <span class='ocrx_word' id='word_1_42' title='bbox 999 633 1198 685; x_wconf 80' lang='lat' dir='ltr'>nobilior,</span> <span class='ocrx_word' id='word_1_43' title='bbox 1230 650 1365 691; x_wconf 86' lang='lat' dir='ltr'>neque</span> <span class='ocrx_word' id='word_1_44' title='bbox 1397 635 1640 691; x_wconf 80' lang='lat' dir='ltr'>eloquentia</span> 
     </span>
    </p>
   </div>
   <div class='ocr_carea' id='block_1_8' title="bbox 372 697 599 754">
    <p class='ocr_par' dir='ltr' id='par_1_9' title="bbox 372 697 599 754">
     <span class='ocr_line' id='line_1_11' title="bbox 372 697 599 754; baseline 0.004 -16"><span class='ocrx_word' id='word_1_45' title='bbox 372 697 599 754; x_wconf 87' lang='lat' dir='ltr'>quisquam</span> 
     </span>
    </p>
   </div>
   <div class='ocr_carea' id='block_1_9' title="bbox 287 785 796 862">
    <p class='ocr_par' dir='ltr' id='par_1_10' title="bbox 287 785 796 862">
     <span class='ocr_line' id='line_1_12' title="bbox 287 785 491 816; baseline 0.005 -2"><span class='ocrx_word' id='word_1_46' title='bbox 287 785 300 804; x_wconf 84' lang='lat'><strong><em>⁴</em></strong></span> <span class='ocrx_word' id='word_1_47' title='bbox 321 791 439 816; x_wconf 67' lang='lat' dir='ltr'>KHPTX</span> <span class='ocrx_word' id='word_1_48' title='bbox 457 787 491 815; x_wconf 81' lang='lat'>1..</span> 
     </span>
     <span class='ocr_line' id='line_1_13' title="bbox 454 827 796 862; baseline 0 -4"><span class='ocrx_word' id='word_1_49' title='bbox 454 829 467 850; x_wconf 90' lang='lat'>⁷</span> <span class='ocrx_word' id='word_1_50' title='bbox 491 827 535 862; x_wconf 72' lang='grc' dir='ltr'>εἰς</span> <span class='ocrx_word' id='word_1_51' title='bbox 550 829 582 858; x_wconf 89' lang='lat' dir='ltr'>S.</span> <span class='ocrx_word' id='word_1_52' title='bbox 602 827 646 857; x_wconf 87' lang='lat' dir='ltr'>M.</span> <span class='ocrx_word' id='word_1_53' title='bbox 662 828 699 858; x_wconf 89' lang='grc' dir='ltr'>Β.</span> <span class='ocrx_word' id='word_1_54' title='bbox 717 829 747 857; x_wconf 76' lang='grc' dir='ltr'>ΕΞ</span> <span class='ocrx_word' id='word_1_55' title='bbox 761 831 796 858; x_wconf 85' lang='grc' dir='ltr'>Α.</span> 
     </span>
    </p>
   </div>
   <div class='ocr_carea' id='block_1_10' title="bbox 193 900 903 1536">
    <p class='ocr_par' dir='ltr' id='par_1_11' title="bbox 193 900 903 1536">
     <span class='ocr_line' id='line_1_14' title="bbox 200 900 903 942; baseline 0.003 -11"><span class='ocrx_word' id='word_1_56' title='bbox 200 902 297 932; x_wconf 82' lang='lat' dir='ltr'>hibuit</span> <span class='ocrx_word' id='word_1_57' title='bbox 307 903 524 941; x_wconf 65' lang='lat' dir='ltr'>quadi-marius.</span> <span class='ocrx_word' id='word_1_58' title='bbox 547 900 763 942; x_wconf 80' lang='lat' dir='ltr'>Sealpsitenim</span> <span class='ocrx_word' id='word_1_59' title='bbox 773 908 903 933; x_wconf 70' lang='lat' dir='ltr'>KHPrx.</span> 
     </span>
     <span class='ocr_line' id='line_1_15' title="bbox 201 945 902 984; baseline 0.001 -10"><span class='ocrx_word' id='word_1_60' title='bbox 201 945 264 974; x_wconf 84' lang='lat' dir='ltr'>vid.</span> <span class='ocrx_word' id='word_1_61' title='bbox 280 945 419 975; x_wconf 78' lang='lat' dir='ltr'>viscont.</span> <span class='ocrx_word' id='word_1_62' title='bbox 437 946 541 975; x_wconf 85' lang='lat' dir='ltr'>Litera</span> <span class='ocrx_word' id='word_1_63' title='bbox 556 945 584 984; x_wconf 75' lang='grc' dir='ltr'>ξ,</span> <span class='ocrx_word' id='word_1_64' title='bbox 605 945 635 974; x_wconf 90' lang='lat' dir='ltr'>in</span> <span class='ocrx_word' id='word_1_65' title='bbox 658 946 772 975; x_wconf 82' lang='lat' dir='ltr'>Graecis</span> <span class='ocrx_word' id='word_1_66' title='bbox 797 945 902 975; x_wconf 87' lang='lat' dir='ltr'>inscri-</span> 
     </span>
     <span class='ocr_line' id='line_1_16' title="bbox 200 987 902 1028; baseline 0.003 -12"><span class='ocrx_word' id='word_1_67' title='bbox 200 987 364 1028; x_wconf 81' lang='lat' dir='ltr'>ptionibus,</span> <span class='ocrx_word' id='word_1_68' title='bbox 385 988 496 1026; x_wconf 83' lang='lat' dir='ltr'>saepius</span> <span class='ocrx_word' id='word_1_69' title='bbox 512 989 687 1018; x_wconf 89' lang='lat' dir='ltr'>Latinorum</span> <span class='ocrx_word' id='word_1_70' title='bbox 702 988 732 1017; x_wconf 89' lang='lat' dir='ltr'>X</span> <span class='ocrx_word' id='word_1_71' title='bbox 745 998 902 1026; x_wconf 83' lang='lat' dir='ltr'>expressa.</span> 
     </span>
     <span class='ocr_line' id='line_1_17' title="bbox 199 1030 902 1070; baseline 0.001 -11"><span class='ocrx_word' id='word_1_72' title='bbox 199 1040 230 1059; x_wconf 84' lang='lat' dir='ltr'>v.</span> <span class='ocrx_word' id='word_1_73' title='bbox 243 1030 375 1066; x_wconf 87' lang='lat' dir='ltr'>Corsini,</span> <span class='ocrx_word' id='word_1_74' title='bbox 386 1031 587 1070; x_wconf 83' lang='lat' dir='ltr'>Spiegazioue</span> <span class='ocrx_word' id='word_1_75' title='bbox 603 1031 641 1060; x_wconf 84' lang='lat' dir='ltr'>de</span> <span class='ocrx_word' id='word_1_76' title='bbox 655 1031 902 1060; x_wconf 81' lang='lat' dir='ltr'>due-antichissi-</span> 
     </span>
     <span class='ocr_line' id='line_1_18' title="bbox 196 1072 900 1113; baseline 0.001 -11"><span class='ocrx_word' id='word_1_77' title='bbox 196 1082 244 1102; x_wconf 88' lang='lat' dir='ltr'>me</span> <span class='ocrx_word' id='word_1_78' title='bbox 282 1072 460 1103; x_wconf 85' lang='lat' dir='ltr'>Inserizioni</span> <span class='ocrx_word' id='word_1_79' title='bbox 492 1074 620 1108; x_wconf 83' lang='lat' dir='ltr'>Greche,</span> <span class='ocrx_word' id='word_1_80' title='bbox 661 1074 770 1112; x_wconf 83' lang='lat' dir='ltr'>(Rom.</span> <span class='ocrx_word' id='word_1_81' title='bbox 800 1073 900 1113; x_wconf 84' lang='lat'>1756)</span> 
     </span>
     <span class='ocr_line' id='line_1_19' title="bbox 195 1116 900 1155; baseline 0 -10"><span class='ocrx_word' id='word_1_82' title='bbox 195 1125 229 1154; x_wconf 86' lang='lat' dir='ltr'>p.</span> <span class='ocrx_word' id='word_1_83' title='bbox 242 1117 272 1145; x_wconf 91' lang='lat'>8.</span> <span class='ocrx_word' id='word_1_84' title='bbox 296 1117 343 1145; x_wconf 91' lang='lat' dir='ltr'>De</span> <span class='ocrx_word' id='word_1_85' title='bbox 359 1118 487 1155; x_wconf 81' lang='lat' dir='ltr'>Ceryce,</span> <span class='ocrx_word' id='word_1_86' title='bbox 501 1116 647 1145; x_wconf 83' lang='lat' dir='ltr'>Mercurii</span> <span class='ocrx_word' id='word_1_87' title='bbox 664 1116 737 1151; x_wconf 83' lang='lat' dir='ltr'>filio,</span> <span class='ocrx_word' id='word_1_88' title='bbox 751 1116 813 1145; x_wconf 88' lang='lat' dir='ltr'>vid.</span> <span class='ocrx_word' id='word_1_89' title='bbox 827 1116 900 1146; x_wconf 89' lang='lat' dir='ltr'>Pol-</span> 
     </span>
     <span class='ocr_line' id='line_1_20' title="bbox 195 1157 899 1198; baseline 0.003 -11"><span class='ocrx_word' id='word_1_90' title='bbox 195 1158 262 1194; x_wconf 85' lang='lat' dir='ltr'>lux,</span> <span class='ocrx_word' id='word_1_91' title='bbox 284 1157 352 1188; x_wconf 87' lang='lat' dir='ltr'>Lib.</span> <span class='ocrx_word' id='word_1_92' title='bbox 368 1159 458 1188; x_wconf 82' lang='lat' dir='ltr'>vm.</span> <span class='ocrx_word' id='word_1_93' title='bbox 480 1169 573 1198; x_wconf 85' lang='lat' dir='ltr'>segm.</span> <span class='ocrx_word' id='word_1_94' title='bbox 595 1161 624 1189; x_wconf 88' lang='lat'>9.</span> <span class='ocrx_word' id='word_1_95' title='bbox 653 1159 745 1187; x_wconf 87' lang='lat' dir='ltr'>Ovid.</span> <span class='ocrx_word' id='word_1_96' title='bbox 772 1158 899 1189; x_wconf 84' lang='lat' dir='ltr'>Metam.</span> 
     </span>
     <span class='ocr_line' id='line_1_21' title="bbox 195 1199 898 1240; baseline 0.003 -11"><span class='ocrx_word' id='word_1_97' title='bbox 195 1199 243 1229; x_wconf 94' lang='lat' dir='ltr'>II.</span> <span class='ocrx_word' id='word_1_98' title='bbox 261 1202 332 1230; x_wconf 83' lang='lat'><strong>107.</strong></span> <span class='ocrx_word' id='word_1_99' title='bbox 349 1211 413 1240; x_wconf 88' lang='lat' dir='ltr'>seq.</span> <span class='ocrx_word' id='word_1_100' title='bbox 431 1201 534 1240; x_wconf 88' lang='lat' dir='ltr'>ibique</span> <span class='ocrx_word' id='word_1_101' title='bbox 550 1201 688 1240; x_wconf 86' lang='lat' dir='ltr'>Interpp.</span> <span class='ocrx_word' id='word_1_102' title='bbox 725 1200 806 1231; x_wconf 88' lang='lat' dir='ltr'>Hinc</span> <span class='ocrx_word' id='word_1_103' title='bbox 822 1202 898 1231; x_wconf 86' lang='lat' dir='ltr'>anti-</span> 
     </span>
     <span class='ocr_line' id='line_1_22' title="bbox 195 1242 898 1282; baseline 0.003 -11"><span class='ocrx_word' id='word_1_104' title='bbox 195 1242 341 1281; x_wconf 82' lang='lat' dir='ltr'>quissima</span> <span class='ocrx_word' id='word_1_105' title='bbox 363 1244 607 1282; x_wconf 83' lang='lat' dir='ltr'>nobilissimaque</span> <span class='ocrx_word' id='word_1_106' title='bbox 627 1243 739 1273; x_wconf 84' lang='lat' dir='ltr'>familia</span> <span class='ocrx_word' id='word_1_107' title='bbox 758 1244 898 1280; x_wconf 80' lang='lat' dir='ltr'>Athenis,</span> 
     </span>
     <span class='ocr_line' id='line_1_23' title="bbox 195 1285 896 1324; baseline 0.003 -11"><span class='ocrx_word' id='word_1_108' title='bbox 195 1286 310 1324; x_wconf 75' lang='grc' dir='ltr'><strong><em>Κήρυκες</em></strong></span> <span class='ocrx_word' id='word_1_109' title='bbox 324 1285 417 1320; x_wconf 84' lang='lat' dir='ltr'>dicta,</span> <span class='ocrx_word' id='word_1_110' title='bbox 433 1296 449 1315; x_wconf 88' lang='lat' dir='ltr'>e</span> <span class='ocrx_word' id='word_1_111' title='bbox 466 1296 525 1324; x_wconf 84' lang='lat' dir='ltr'>qua</span> <span class='ocrx_word' id='word_1_112' title='bbox 541 1292 636 1315; x_wconf 83' lang='lat' dir='ltr'>ortum</span> <span class='ocrx_word' id='word_1_113' title='bbox 653 1297 686 1315; x_wconf 88' lang='lat' dir='ltr'>se</span> <span class='ocrx_word' id='word_1_114' title='bbox 702 1287 815 1315; x_wconf 86' lang='lat' dir='ltr'>serebat</span> <span class='ocrx_word' id='word_1_115' title='bbox 832 1288 896 1316; x_wconf 89' lang='lat' dir='ltr'>He-</span> 
     </span>
     <span class='ocr_line' id='line_1_24' title="bbox 193 1326 896 1368; baseline 0.004 -12"><span class='ocrx_word' id='word_1_116' title='bbox 193 1328 294 1356; x_wconf 84' lang='lat' dir='ltr'>rodes.</span> <span class='ocrx_word' id='word_1_117' title='bbox 318 1328 508 1363; x_wconf 86' lang='lat' dir='ltr'>Theodorus,</span> <span class='ocrx_word' id='word_1_118' title='bbox 525 1326 550 1357; x_wconf 81' lang='grc' dir='ltr'>ἒν</span> <span class='ocrx_word' id='word_1_119' title='bbox 569 1328 610 1366; x_wconf 73' lang='grc' dir='ltr'>τῷ</span> <span class='ocrx_word' id='word_1_120' title='bbox 628 1328 646 1357; x_wconf 64' lang='lat' dir='ltr'>A.</span> <span class='ocrx_word' id='word_1_121' title='bbox 666 1328 727 1366; x_wconf 65' lang='lat' dir='ltr'>mg}</span> <span class='ocrx_word' id='word_1_122' title='bbox 747 1330 794 1357; x_wconf 78' lang='grc' dir='ltr'><strong><em>τοῦ</em></strong></span> <span class='ocrx_word' id='word_1_123' title='bbox 813 1329 896 1368; x_wconf 80' lang='grc' dir='ltr'><strong><em>Κηρύ-</em></strong></span> 
     </span>
     <span class='ocr_line' id='line_1_25' title="bbox 193 1369 896 1410; baseline 0.001 -11"><span class='ocrx_word' id='word_1_124' title='bbox 193 1381 246 1399; x_wconf 81' lang='grc' dir='ltr'>κων</span> <span class='ocrx_word' id='word_1_125' title='bbox 260 1369 349 1407; x_wconf 79' lang='grc' dir='ltr'><em>γένους</em></span> <span class='ocrx_word' id='word_1_126' title='bbox 363 1371 502 1400; x_wconf 85' lang='lat' dir='ltr'>landatur</span> <span class='ocrx_word' id='word_1_127' title='bbox 513 1372 550 1400; x_wconf 88' lang='lat' dir='ltr'>ab</span> <span class='ocrx_word' id='word_1_128' title='bbox 564 1372 667 1410; x_wconf 70' lang='lat' dir='ltr'>Etym.</span> <span class='ocrx_word' id='word_1_129' title='bbox 683 1370 730 1400; x_wconf 91' lang='lat' dir='ltr'>M.</span> <span class='ocrx_word' id='word_1_130' title='bbox 742 1378 771 1399; x_wconf 89' lang='lat' dir='ltr'>et</span> <span class='ocrx_word' id='word_1_131' title='bbox 786 1371 896 1400; x_wconf 82' lang='lat' dir='ltr'>Photio</span> 
     </span>
     <span class='ocr_line' id='line_1_26' title="bbox 193 1412 894 1453; baseline 0.003 -12"><span class='ocrx_word' id='word_1_132' title='bbox 193 1412 222 1442; x_wconf 90' lang='lat' dir='ltr'>in</span> <span class='ocrx_word' id='word_1_133' title='bbox 248 1414 323 1443; x_wconf 85' lang='lat' dir='ltr'>Lex.</span> <span class='ocrx_word' id='word_1_134' title='bbox 339 1413 411 1443; x_wconf 90' lang='lat' dir='ltr'>MS.</span> <span class='ocrx_word' id='word_1_135' title='bbox 424 1424 500 1442; x_wconf 84' lang='lat' dir='ltr'>voce</span> <span class='ocrx_word' id='word_1_136' title='bbox 522 1412 721 1453; x_wconf 61' lang='grc' dir='ltr'><strong><em>ἡμεροκαλλές.</em></strong></span> <span class='ocrx_word' id='word_1_137' title='bbox 754 1414 894 1443; x_wconf 87' lang='lat' dir='ltr'>Herodes</span> 
     </span>
     <span class='ocr_line' id='line_1_27' title="bbox 194 1455 895 1494; baseline 0.003 -10"><span class='ocrx_word' id='word_1_138' title='bbox 194 1455 293 1485; x_wconf 83' lang='lat' dir='ltr'>dictus</span> <span class='ocrx_word' id='word_1_139' title='bbox 318 1456 479 1491; x_wconf 76' lang='lat' dir='ltr'>Thesides,</span> <span class='ocrx_word' id='word_1_140' title='bbox 504 1461 555 1485; x_wconf 89' lang='lat' dir='ltr'>aut</span> <span class='ocrx_word' id='word_1_141' title='bbox 585 1456 655 1494; x_wconf 90' lang='lat' dir='ltr'>quia</span> <span class='ocrx_word' id='word_1_142' title='bbox 681 1455 895 1493; x_wconf 79' lang='lat' dir='ltr'>Atheniensis;</span> 
     </span>
     <span class='ocr_line' id='line_1_28' title="bbox 194 1497 809 1536; baseline -0.002 -9"><span class='ocrx_word' id='word_1_143' title='bbox 194 1507 260 1527; x_wconf 86' lang='lat' dir='ltr'>nam</span> <span class='ocrx_word' id='word_1_144' title='bbox 277 1498 420 1536; x_wconf 83' lang='lat' dir='ltr'>Virgilius</span> <span class='ocrx_word' id='word_1_145' title='bbox 436 1499 549 1536; x_wconf 85' lang='lat' dir='ltr'>Georg.</span> <span class='ocrx_word' id='word_1_146' title='bbox 563 1497 608 1527; x_wconf 90' lang='lat'>11.</span> <span class='ocrx_word' id='word_1_147' title='bbox 623 1499 694 1528; x_wconf 80' lang='lat'>383.</span> <span class='ocrx_word' id='word_1_148' title='bbox 712 1498 809 1527; x_wconf 83' lang='lat' dir='ltr'>dixit:</span> 
     </span>
    </p>
   </div>
   <div class='ocr_carea' id='block_1_11' title="bbox 234 1555 896 1681">
    <p class='ocr_par' dir='ltr' id='par_1_12' title="bbox 234 1555 896 1681">
     <span class='ocr_line' id='line_1_29' title="bbox 236 1555 896 1597; baseline 0 -11"><span class='ocrx_word' id='word_1_149' title='bbox 236 1560 256 1574; x_wconf 86' lang='lat'><strong>“</strong></span> <span class='ocrx_word' id='word_1_150' title='bbox 274 1557 464 1595; x_wconf 84' lang='lat' dir='ltr'>Praemiaque</span> <span class='ocrx_word' id='word_1_151' title='bbox 477 1555 608 1597; x_wconf 85' lang='lat' dir='ltr'>ingeniis</span> <span class='ocrx_word' id='word_1_152' title='bbox 623 1566 712 1596; x_wconf 84' lang='lat' dir='ltr'>agros</span> <span class='ocrx_word' id='word_1_153' title='bbox 724 1560 754 1585; x_wconf 88' lang='lat' dir='ltr'>et</span> <span class='ocrx_word' id='word_1_154' title='bbox 764 1555 896 1594; x_wconf 83' lang='lat' dir='ltr'>compita</span> 
     </span>
     <span class='ocr_line' id='line_1_30' title="bbox 320 1610 432 1630; baseline 0 -2"><span class='ocrx_word' id='word_1_155' title='bbox 320 1610 432 1630; x_wconf 77' lang='lat' dir='ltr'>circum</span> 
     </span>
     <span class='ocr_line' id='line_1_31' title="bbox 234 1640 549 1681; baseline 0 -10"><span class='ocrx_word' id='word_1_156' title='bbox 234 1641 374 1672; x_wconf 72' lang='lat' dir='ltr'>Thesidae</span> <span class='ocrx_word' id='word_1_157' title='bbox 389 1640 549 1681; x_wconf 85' lang='lat' dir='ltr'>posuere.&#39;&#39;</span> 
     </span>
    </p>
   </div>
   <div class='ocr_carea' id='block_1_12' title="bbox 188 1699 893 2675">
    <p class='ocr_par' dir='ltr' id='par_1_13' title="bbox 191 1699 892 1772">
     <span class='ocr_line' id='line_1_32' title="bbox 191 1699 892 1739; baseline -0.001 -10"><span class='ocrx_word' id='word_1_158' title='bbox 191 1704 244 1729; x_wconf 82' lang='lat' dir='ltr'>aut</span> <span class='ocrx_word' id='word_1_159' title='bbox 261 1699 332 1738; x_wconf 84' lang='lat' dir='ltr'>quia</span> <span class='ocrx_word' id='word_1_160' title='bbox 347 1710 415 1730; x_wconf 87' lang='lat' dir='ltr'>curn</span> <span class='ocrx_word' id='word_1_161' title='bbox 431 1699 619 1730; x_wconf 84' lang='lat' dir='ltr'>nobilissima</span> <span class='ocrx_word' id='word_1_162' title='bbox 635 1699 687 1728; x_wconf 88' lang='lat' dir='ltr'>illa</span> <span class='ocrx_word' id='word_1_163' title='bbox 700 1699 812 1729; x_wconf 81' lang='lat' dir='ltr'>familia</span> <span class='ocrx_word' id='word_1_164' title='bbox 822 1709 892 1739; x_wconf 85' lang='lat' dir='ltr'>cog-</span> 
     </span>
     <span class='ocr_line' id='line_1_33' title="bbox 191 1747 365 1772; baseline 0.011 -2"><span class='ocrx_word' id='word_1_165' title='bbox 191 1747 279 1772; x_wconf 84' lang='lat' dir='ltr'>natus</span> <span class='ocrx_word' id='word_1_166' title='bbox 291 1747 365 1772; x_wconf 85' lang='lat' dir='ltr'>erat.</span> 
     </span>
    </p>

    <p class='ocr_par' dir='ltr' id='par_1_14' title="bbox 188 1783 893 2675">
     <span class='ocr_line' id='line_1_34' title="bbox 233 1783 889 1825; baseline -0.002 -11"><span class='ocrx_word' id='word_1_167' title='bbox 233 1784 352 1815; x_wconf 75' lang='grc' dir='ltr'><strong><em>Τοῦνειισ.</em></strong></span> <span class='ocrx_word' id='word_1_168' title='bbox 373 1784 486 1825; x_wconf 69' lang='grc' dir='ltr'><strong><em>τιμήεις</em></strong></span> <span class='ocrx_word' id='word_1_169' title='bbox 505 1803 516 1808; x_wconf 98' lang='grc'>-</span> <span class='ocrx_word' id='word_1_170' title='bbox 531 1801 543 1807; x_wconf 93' lang='grc'>-</span> <span class='ocrx_word' id='word_1_171' title='bbox 559 1801 572 1806; x_wconf 93' lang='grc'>-</span> <span class='ocrx_word' id='word_1_172' title='bbox 596 1783 780 1824; x_wconf 65' lang='grc' dir='ltr'><strong><em>πρωτόθρονες</em></strong></span> <span class='ocrx_word' id='word_1_173' title='bbox 799 1783 889 1825; x_wconf 74' lang='grc' dir='ltr'><strong><em>ἕδξοιι]</em></strong></span> 
     </span>
     <span class='ocr_line' id='line_1_35' title="bbox 191 1826 893 1867; baseline -0.001 -10"><span class='ocrx_word' id='word_1_174' title='bbox 191 1828 378 1867; x_wconf 81' lang='lat' dir='ltr'>Quocunque</span> <span class='ocrx_word' id='word_1_175' title='bbox 406 1828 494 1857; x_wconf 86' lang='lat' dir='ltr'>modo</span> <span class='ocrx_word' id='word_1_176' title='bbox 520 1827 685 1857; x_wconf 83' lang='lat' dir='ltr'>Salmasius</span> <span class='ocrx_word' id='word_1_177' title='bbox 704 1826 816 1865; x_wconf 80' lang='lat' dir='ltr'>aliique</span> <span class='ocrx_word' id='word_1_178' title='bbox 841 1826 893 1856; x_wconf 90' lang='lat' dir='ltr'>In-</span> 
     </span>
     <span class='ocr_line' id='line_1_36' title="bbox 192 1870 892 1909; baseline 0 -11"><span class='ocrx_word' id='word_1_179' title='bbox 192 1874 293 1909; x_wconf 82' lang='lat' dir='ltr'>terpp.</span> <span class='ocrx_word' id='word_1_180' title='bbox 309 1870 364 1900; x_wconf 81' lang='lat' dir='ltr'>hos</span> <span class='ocrx_word' id='word_1_181' title='bbox 379 1881 485 1900; x_wconf 85' lang='lat' dir='ltr'>versus</span> <span class='ocrx_word' id='word_1_182' title='bbox 497 1870 677 1904; x_wconf 76' lang='lat' dir='ltr'>distinxere,</span> <span class='ocrx_word' id='word_1_183' title='bbox 693 1870 809 1898; x_wconf 81' lang='lat' dir='ltr'>nullum</span> <span class='ocrx_word' id='word_1_184' title='bbox 825 1880 892 1899; x_wconf 85' lang='lat' dir='ltr'>sen-</span> 
     </span>
     <span class='ocr_line' id='line_1_37' title="bbox 193 1912 892 1952; baseline -0.001 -11"><span class='ocrx_word' id='word_1_185' title='bbox 193 1922 261 1942; x_wconf 91' lang='lat' dir='ltr'>sum</span> <span class='ocrx_word' id='word_1_186' title='bbox 272 1913 403 1952; x_wconf 86' lang='lat' dir='ltr'>praebuit</span> <span class='ocrx_word' id='word_1_187' title='bbox 415 1913 507 1942; x_wconf 86' lang='lat' dir='ltr'>lectio</span> <span class='ocrx_word' id='word_1_188' title='bbox 521 1913 654 1950; x_wconf 76' lang='lat' dir='ltr'>vulgata,</span> <span class='ocrx_word' id='word_1_189' title='bbox 667 1912 716 1950; x_wconf 90' lang='lat' dir='ltr'>qui</span> <span class='ocrx_word' id='word_1_190' title='bbox 727 1912 835 1950; x_wconf 82' lang='lat' dir='ltr'>dignus</span> <span class='ocrx_word' id='word_1_191' title='bbox 852 1912 892 1941; x_wconf 81' lang='lat' dir='ltr'>sit</span> 
     </span>
     <span class='ocr_line' id='line_1_38' title="bbox 191 1954 891 1994; baseline -0.004 -9"><span class='ocrx_word' id='word_1_192' title='bbox 191 1961 292 1992; x_wconf 84' lang='lat' dir='ltr'>poeta.</span> <span class='ocrx_word' id='word_1_193' title='bbox 325 1956 398 1985; x_wconf 78' lang='lat' dir='ltr'>Fuit</span> <span class='ocrx_word' id='word_1_194' title='bbox 419 1955 533 1994; x_wconf 88' lang='lat' dir='ltr'>primus</span> <span class='ocrx_word' id='word_1_195' title='bbox 557 1955 744 1989; x_wconf 85' lang='lat' dir='ltr'>Viscuntins‚</span> <span class='ocrx_word' id='word_1_196' title='bbox 770 1954 821 1992; x_wconf 87' lang='lat' dir='ltr'>qui</span> <span class='ocrx_word' id='word_1_197' title='bbox 845 1964 891 1983; x_wconf 85' lang='lat' dir='ltr'>re-</span> 
     </span>
     <span class='ocr_line' id='line_1_39' title="bbox 191 1996 889 2037; baseline -0.001 -11"><span class='ocrx_word' id='word_1_198' title='bbox 191 1998 271 2027; x_wconf 82' lang='lat' dir='ltr'>ctius</span> <span class='ocrx_word' id='word_1_199' title='bbox 299 1999 408 2037; x_wconf 84' lang='lat' dir='ltr'>positis</span> <span class='ocrx_word' id='word_1_200' title='bbox 429 1996 634 2026; x_wconf 79' lang='lat' dir='ltr'>distinctionis</span> <span class='ocrx_word' id='word_1_201' title='bbox 660 1996 767 2034; x_wconf 80' lang='lat' dir='ltr'>signis,</span> <span class='ocrx_word' id='word_1_202' title='bbox 790 1997 889 2025; x_wconf 89' lang='lat' dir='ltr'>locum</span> 
     </span>
     <span class='ocr_line' id='line_1_40' title="bbox 191 2038 892 2080; baseline -0.001 -11"><span class='ocrx_word' id='word_1_203' title='bbox 191 2040 303 2069; x_wconf 89' lang='lat' dir='ltr'>clarum</span> <span class='ocrx_word' id='word_1_204' title='bbox 319 2046 349 2071; x_wconf 88' lang='lat' dir='ltr'>et</span> <span class='ocrx_word' id='word_1_205' title='bbox 366 2040 558 2080; x_wconf 84' lang='lat' dir='ltr'>perspicuum</span> <span class='ocrx_word' id='word_1_206' title='bbox 573 2038 717 2068; x_wconf 88' lang='lat' dir='ltr'>reddidit.</span> <span class='ocrx_word' id='word_1_207' title='bbox 749 2039 892 2077; x_wconf 82' lang='lat' dir='ltr'>Legenda</span> 
     </span>
     <span class='ocr_line' id='line_1_41' title="bbox 192 2082 888 2122; baseline -0.003 -10"><span class='ocrx_word' id='word_1_208' title='bbox 192 2082 312 2112; x_wconf 83' lang='lat' dir='ltr'>omuino</span> <span class='ocrx_word' id='word_1_209' title='bbox 341 2083 430 2122; x_wconf 85' lang='lat' dir='ltr'>longa</span> <span class='ocrx_word' id='word_1_210' title='bbox 460 2082 519 2112; x_wconf 85' lang='lat' dir='ltr'>viri</span> <span class='ocrx_word' id='word_1_211' title='bbox 547 2082 627 2111; x_wconf 76' lang='lat' dir='ltr'>docti</span> <span class='ocrx_word' id='word_1_212' title='bbox 653 2082 835 2116; x_wconf 83' lang='lat' dir='ltr'>observatio,</span> <span class='ocrx_word' id='word_1_213' title='bbox 860 2082 888 2110; x_wconf 91' lang='lat' dir='ltr'>in</span> 
     </span>
     <span class='ocr_line' id='line_1_42' title="bbox 191 2123 888 2164; baseline -0.001 -11"><span class='ocrx_word' id='word_1_214' title='bbox 191 2125 270 2154; x_wconf 82' lang='lat' dir='ltr'>hunc</span> <span class='ocrx_word' id='word_1_215' title='bbox 283 2125 398 2154; x_wconf 89' lang='lat' dir='ltr'>locum:</span> <span class='ocrx_word' id='word_1_216' title='bbox 421 2125 460 2154; x_wconf 91' lang='lat' dir='ltr'>de</span> <span class='ocrx_word' id='word_1_217' title='bbox 476 2135 534 2164; x_wconf 83' lang='lat' dir='ltr'>qua</span> <span class='ocrx_word' id='word_1_218' title='bbox 545 2125 566 2154; x_wconf 91' lang='lat' dir='ltr'>ii</span> <span class='ocrx_word' id='word_1_219' title='bbox 578 2123 726 2162; x_wconf 83' lang='lat' dir='ltr'>judicent,</span> <span class='ocrx_word' id='word_1_220' title='bbox 741 2124 804 2162; x_wconf 89' lang='lat' dir='ltr'>qui,</span> <span class='ocrx_word' id='word_1_221' title='bbox 817 2123 888 2162; x_wconf 89' lang='lat' dir='ltr'>quid</span> 
     </span>
     <span class='ocr_line' id='line_1_43' title="bbox 191 2166 889 2205; baseline 0 -9"><span class='ocrx_word' id='word_1_222' title='bbox 191 2167 313 2197; x_wconf 81' lang='lat' dir='ltr'>doctum</span> <span class='ocrx_word' id='word_1_223' title='bbox 327 2168 367 2197; x_wconf 85' lang='lat' dir='ltr'>sit</span> <span class='ocrx_word' id='word_1_224' title='bbox 382 2172 413 2196; x_wconf 88' lang='lat' dir='ltr'>et</span> <span class='ocrx_word' id='word_1_225' title='bbox 427 2172 559 2202; x_wconf 82' lang='lat' dir='ltr'>acutum,</span> <span class='ocrx_word' id='word_1_226' title='bbox 573 2166 754 2205; x_wconf 74' lang='lat' dir='ltr'>intelligant·-</span> <span class='ocrx_word' id='word_1_227' title='bbox 789 2168 889 2196; x_wconf 83' lang='lat' dir='ltr'>Hero-</span> 
     </span>
     <span class='ocr_line' id='line_1_44' title="bbox 190 2209 888 2245; baseline 0 -7"><span class='ocrx_word' id='word_1_228' title='bbox 190 2209 241 2239; x_wconf 92' lang='lat' dir='ltr'>dis</span> <span class='ocrx_word' id='word_1_229' title='bbox 256 2211 333 2240; x_wconf 89' lang='lat' dir='ltr'>euim</span> <span class='ocrx_word' id='word_1_230' title='bbox 349 2209 440 2245; x_wconf 82' lang='lat' dir='ltr'>filius,</span> <span class='ocrx_word' id='word_1_231' title='bbox 461 2210 580 2239; x_wconf 88' lang='lat' dir='ltr'>nomine</span> <span class='ocrx_word' id='word_1_232' title='bbox 599 2210 729 2245; x_wconf 76' lang='lat' dir='ltr'>Atticus,</span> <span class='ocrx_word' id='word_1_233' title='bbox 743 2209 815 2239; x_wconf 87' lang='lat' dir='ltr'>licet</span> <span class='ocrx_word' id='word_1_234' title='bbox 829 2215 888 2238; x_wconf 85' lang='lat' dir='ltr'>tam</span> 
     </span>
     <span class='ocr_line' id='line_1_45' title="bbox 191 2252 888 2293; baseline -0.001 -11"><span class='ocrx_word' id='word_1_235' title='bbox 191 2252 344 2291; x_wconf 73' lang='lat' dir='ltr'>stupidus,</span> <span class='ocrx_word' id='word_1_236' title='bbox 360 2256 393 2282; x_wconf 87' lang='lat' dir='ltr'>ut</span> <span class='ocrx_word' id='word_1_237' title='bbox 407 2252 515 2291; x_wconf 84' lang='lat' dir='ltr'>viginti</span> <span class='ocrx_word' id='word_1_238' title='bbox 529 2257 656 2293; x_wconf 81' lang='lat' dir='ltr'>quatuor</span> <span class='ocrx_word' id='word_1_239' title='bbox 671 2252 772 2290; x_wconf 89' lang='lat' dir='ltr'>pueris</span> <span class='ocrx_word' id='word_1_240' title='bbox 789 2262 888 2290; x_wconf 83' lang='lat' dir='ltr'>aequa-</span> 
     </span>
     <span class='ocr_line' id='line_1_46' title="bbox 189 2294 889 2334; baseline -0.001 -10"><span class='ocrx_word' id='word_1_241' title='bbox 189 2295 235 2324; x_wconf 88' lang='lat' dir='ltr'>les</span> <span class='ocrx_word' id='word_1_242' title='bbox 249 2294 311 2334; x_wconf 86' lang='lat' dir='ltr'>ipsi</span> <span class='ocrx_word' id='word_1_243' title='bbox 326 2295 532 2334; x_wconf 87' lang='lat' dir='ltr'>adjungendos</span> <span class='ocrx_word' id='word_1_244' title='bbox 546 2295 698 2334; x_wconf 82' lang='lat' dir='ltr'>putaverit</span> <span class='ocrx_word' id='word_1_245' title='bbox 711 2299 806 2334; x_wconf 84' lang='lat' dir='ltr'>pater,</span> <span class='ocrx_word' id='word_1_246' title='bbox 819 2294 889 2323; x_wconf 88' lang='lat' dir='ltr'>lite-</span> 
     </span>
     <span class='ocr_line' id='line_1_47' title="bbox 189 2337 888 2378; baseline 0 -12"><span class='ocrx_word' id='word_1_247' title='bbox 189 2347 288 2367; x_wconf 88' lang='lat' dir='ltr'>rarum</span> <span class='ocrx_word' id='word_1_248' title='bbox 311 2337 480 2377; x_wconf 82' lang='lat' dir='ltr'>appellatos</span> <span class='ocrx_word' id='word_1_249' title='bbox 501 2338 681 2372; x_wconf 88' lang='lat' dir='ltr'>nominibus,</span> <span class='ocrx_word' id='word_1_250' title='bbox 707 2342 740 2366; x_wconf 91' lang='lat' dir='ltr'>ut</span> <span class='ocrx_word' id='word_1_251' title='bbox 761 2347 814 2378; x_wconf 90' lang='lat' dir='ltr'>per</span> <span class='ocrx_word' id='word_1_252' title='bbox 835 2338 888 2366; x_wconf 87' lang='lat' dir='ltr'>hos</span> 
     </span>
     <span class='ocr_line' id='line_1_48' title="bbox 189 2380 889 2415; baseline -0.001 -5"><span class='ocrx_word' id='word_1_253' title='bbox 189 2381 307 2410; x_wconf 85' lang='lat' dir='ltr'>tandem</span> <span class='ocrx_word' id='word_1_254' title='bbox 321 2380 474 2410; x_wconf 87' lang='lat' dir='ltr'>literarum</span> <span class='ocrx_word' id='word_1_255' title='bbox 489 2380 661 2410; x_wconf 82' lang='lat' dir='ltr'>addisceret</span> <span class='ocrx_word' id='word_1_256' title='bbox 676 2380 889 2415; x_wconf 85' lang='lat' dir='ltr'>rudimentum,</span> 
     </span>
     <span class='ocr_line' id='line_1_49' title="bbox 189 2423 888 2462; baseline 0 -10"><span class='ocrx_word' id='word_1_257' title='bbox 189 2423 303 2452; x_wconf 88' lang='lat' dir='ltr'>Consul</span> <span class='ocrx_word' id='word_1_258' title='bbox 318 2427 415 2453; x_wconf 90' lang='lat' dir='ltr'>tamen</span> <span class='ocrx_word' id='word_1_259' title='bbox 431 2423 528 2452; x_wconf 78' lang='lat' dir='ltr'>factus</span> <span class='ocrx_word' id='word_1_260' title='bbox 543 2424 601 2452; x_wconf 88' lang='lat' dir='ltr'>An.</span> <span class='ocrx_word' id='word_1_261' title='bbox 618 2424 688 2452; x_wconf 85' lang='lat'>185.</span> <span class='ocrx_word' id='word_1_262' title='bbox 733 2423 814 2452; x_wconf 91' lang='lat' dir='ltr'>Hiuo</span> <span class='ocrx_word' id='word_1_263' title='bbox 835 2433 888 2462; x_wconf 86' lang='lat' dir='ltr'>ap-</span> 
     </span>
     <span class='ocr_line' id='line_1_50' title="bbox 189 2464 886 2505; baseline -0.001 -10"><span class='ocrx_word' id='word_1_264' title='bbox 189 2465 322 2504; x_wconf 77' lang='lat' dir='ltr'>pellatus</span> <span class='ocrx_word' id='word_1_265' title='bbox 337 2476 365 2495; x_wconf 90' lang='lat' dir='ltr'>v.</span> <span class='ocrx_word' id='word_1_266' title='bbox 383 2467 434 2496; x_wconf 74' lang='lat'>34.</span> <span class='ocrx_word' id='word_1_267' title='bbox 451 2465 561 2505; x_wconf 74' lang='grc' dir='ltr'><strong><em>τιμήεις</em></strong></span> <span class='ocrx_word' id='word_1_268' title='bbox 574 2465 621 2494; x_wconf 67' lang='grc' dir='ltr'>καὶ</span> <span class='ocrx_word' id='word_1_269' title='bbox 635 2464 786 2504; x_wconf 71' lang='grc' dir='ltr'><strong><em>ἐπώνυμος.</em></strong></span> <span class='ocrx_word' id='word_1_270' title='bbox 811 2466 886 2494; x_wconf 85' lang='lat' dir='ltr'>Nam</span> 
     </span>
     <span class='ocr_line' id='line_1_51' title="bbox 188 2508 887 2546; baseline 0 -9"><span class='ocrx_word' id='word_1_271' title='bbox 188 2512 275 2546; x_wconf 84' lang='lat' dir='ltr'>pater</span> <span class='ocrx_word' id='word_1_272' title='bbox 289 2508 423 2538; x_wconf 87' lang='lat' dir='ltr'>consulis</span> <span class='ocrx_word' id='word_1_273' title='bbox 439 2509 551 2538; x_wconf 91' lang='lat' dir='ltr'>honore</span> <span class='ocrx_word' id='word_1_274' title='bbox 563 2508 740 2546; x_wconf 85' lang='lat' dir='ltr'>splendebat</span> <span class='ocrx_word' id='word_1_275' title='bbox 753 2518 800 2537; x_wconf 83' lang='lat' dir='ltr'>an.</span> <span class='ocrx_word' id='word_1_276' title='bbox 814 2510 887 2537; x_wconf 78' lang='lat'><strong>143.</strong></span> 
     </span>
     <span class='ocr_line' id='line_1_52' title="bbox 188 2550 888 2591; baseline 0.003 -13"><span class='ocrx_word' id='word_1_277' title='bbox 188 2551 302 2581; x_wconf 85' lang='lat' dir='ltr'>Vocem</span> <span class='ocrx_word' id='word_1_278' title='bbox 330 2550 472 2591; x_wconf 79' lang='grc' dir='ltr'><strong><em>ἐπώνυμος</em></strong></span> <span class='ocrx_word' id='word_1_279' title='bbox 501 2551 554 2580; x_wconf 87' lang='lat' dir='ltr'>tali</span> <span class='ocrx_word' id='word_1_280' title='bbox 580 2551 642 2580; x_wconf 82' lang='lat' dir='ltr'>fere</span> <span class='ocrx_word' id='word_1_281' title='bbox 668 2550 888 2589; x_wconf 79' lang='lat' dir='ltr'>significatione</span> 
     </span>
     <span class='ocr_line' id='line_1_53' title="bbox 188 2592 887 2633; baseline 0.003 -12"><span class='ocrx_word' id='word_1_282' title='bbox 188 2592 324 2623; x_wconf 80' lang='lat' dir='ltr'>adhibuit</span> <span class='ocrx_word' id='word_1_283' title='bbox 349 2594 489 2632; x_wconf 69' lang='lat' dir='ltr'>Agathou</span> <span class='ocrx_word' id='word_1_284' title='bbox 515 2593 674 2632; x_wconf 75' lang='lat' dir='ltr'>TragicuS,</span> <span class='ocrx_word' id='word_1_285' title='bbox 699 2593 730 2622; x_wconf 90' lang='lat' dir='ltr'>iu</span> <span class='ocrx_word' id='word_1_286' title='bbox 753 2594 887 2633; x_wconf 79' lang='lat' dir='ltr'>Thyeste</span> 
     </span>
     <span class='ocr_line' id='line_1_54' title="bbox 189 2636 730 2675; baseline 0 -11"><span class='ocrx_word' id='word_1_287' title='bbox 189 2645 237 2674; x_wconf 89' lang='lat' dir='ltr'>ap.</span> <span class='ocrx_word' id='word_1_288' title='bbox 252 2636 363 2666; x_wconf 79' lang='lat' dir='ltr'>Athen.</span> <span class='ocrx_word' id='word_1_289' title='bbox 378 2636 445 2666; x_wconf 84' lang='lat' dir='ltr'>Lib.</span> <span class='ocrx_word' id='word_1_290' title='bbox 457 2636 539 2667; x_wconf 85' lang='grc' dir='ltr'>ΧΠ.</span> <span class='ocrx_word' id='word_1_291' title='bbox 554 2647 585 2675; x_wconf 86' lang='lat' dir='ltr'>p.</span> <span class='ocrx_word' id='word_1_292' title='bbox 601 2637 676 2666; x_wconf 68' lang='lat'>528.</span> <span class='ocrx_word' id='word_1_293' title='bbox 693 2636 730 2665; x_wconf 82' lang='lat' dir='ltr'>E.</span> 
     </span>
    </p>
   </div>
   <div class='ocr_carea' id='block_1_13' title="bbox 187 2692 887 3023">
    <p class='ocr_par' dir='ltr' id='par_1_15' title="bbox 230 2692 810 2735">
     <span class='ocr_line' id='line_1_55' title="bbox 230 2692 810 2735; baseline 0.005 -13"><span class='ocrx_word' id='word_1_294' title='bbox 230 2692 414 2734; x_wconf 75' lang='grc' dir='ltr'><strong><em>ἐπώνυμον</em></strong></span> <span class='ocrx_word' id='word_1_295' title='bbox 428 2695 490 2733; x_wconf 74' lang='grc' dir='ltr'><strong><em>γοῦν</em></strong></span> <span class='ocrx_word' id='word_1_296' title='bbox 502 2694 578 2729; x_wconf 77' lang='grc' dir='ltr'><strong><em>εὐθὺς</em></strong></span> <span class='ocrx_word' id='word_1_297' title='bbox 592 2694 717 2735; x_wconf 76' lang='grc' dir='ltr'><strong><em>ἔσχομεν</em></strong></span> <span class='ocrx_word' id='word_1_298' title='bbox 731 2694 810 2728; x_wconf 82' lang='grc' dir='ltr'><strong>κλέος</strong></span> 
     </span>
    </p>

    <p class='ocr_par' dir='ltr' id='par_1_16' title="bbox 187 2735 887 2873">
     <span class='ocr_line' id='line_1_56' title="bbox 229 2735 810 2780; baseline 0.003 -15"><span class='ocrx_word' id='word_1_299' title='bbox 229 2737 373 2776; x_wconf 70' lang='grc' dir='ltr'><strong><em>Κουρῆτες,</em></strong></span> <span class='ocrx_word' id='word_1_300' title='bbox 387 2735 455 2768; x_wconf 73' lang='grc' dir='ltr'><strong><em>εἶναι</em></strong></span> <span class='ocrx_word' id='word_1_301' title='bbox 465 2738 593 2778; x_wconf 69' lang='grc' dir='ltr'><strong><em>κουρίμου</em></strong></span> <span class='ocrx_word' id='word_1_302' title='bbox 607 2740 688 2780; x_wconf 59' lang='grc' dir='ltr'><strong><em>χάριν</em></strong></span> <span class='ocrx_word' id='word_1_303' title='bbox 702 2738 810 2779; x_wconf 78' lang='grc' dir='ltr'><strong><em>τριχός.</em></strong></span> 
     </span>
     <span class='ocr_line' id='line_1_57' title="bbox 187 2789 887 2835; baseline 0.006 -11"><span class='ocrx_word' id='word_1_304' title='bbox 187 2795 399 2832; x_wconf 75' lang='lat' dir='ltr'>Callimachus,</span> <span class='ocrx_word' id='word_1_305' title='bbox 427 2796 458 2827; x_wconf 80' lang='lat' dir='ltr'>iu</span> <span class='ocrx_word' id='word_1_306' title='bbox 488 2789 589 2828; x_wconf 85' lang='lat' dir='ltr'>Schol.</span> <span class='ocrx_word' id='word_1_307' title='bbox 618 2798 776 2835; x_wconf 75' lang='lat' dir='ltr'>Nicandri,</span> <span class='ocrx_word' id='word_1_308' title='bbox 809 2799 887 2828; x_wconf 86' lang='lat' dir='ltr'>inter</span> 
     </span>
     <span class='ocr_line' id='line_1_58' title="bbox 187 2837 641 2873; baseline 0.013 -7"><span class='ocrx_word' id='word_1_309' title='bbox 187 2837 366 2873; x_wconf 71' lang='lat' dir='ltr'>Bentleiana</span> <span class='ocrx_word' id='word_1_310' title='bbox 380 2838 434 2870; x_wconf 74' lang='lat' dir='ltr'>Fr.</span> <span class='ocrx_word' id='word_1_311' title='bbox 446 2839 641 2872; x_wconf 81' lang='lat' dir='ltr'>CXXXIX.</span> 
     </span>
    </p>

    <p class='ocr_par' dir='ltr' id='par_1_17' title="bbox 228 2890 886 2969">
     <span class='ocr_line' id='line_1_59' title="bbox 228 2890 886 2969; baseline 0.008 -44"><span class='ocrx_word' id='word_1_312' title='bbox 228 2896 276 2930; x_wconf 64' lang='grc' dir='ltr'>καὶ</span> <span class='ocrx_word' id='word_1_313' title='bbox 291 2897 412 2969; x_wconf 48' lang='lat' dir='ltr'>‘riwin</span> <span class='ocrx_word' id='word_1_314' title='bbox 427 2890 545 2940; x_wconf 64' lang='lat' dir='ltr'>nego-30:</span> <span class='ocrx_word' id='word_1_315' title='bbox 566 2897 760 2942; x_wconf 69' lang='grc' dir='ltr'><strong><em>ἐπώνυμος,</em></strong></span> <span class='ocrx_word' id='word_1_316' title='bbox 779 2898 810 2934; x_wconf 63' lang='grc' dir='ltr'>ἧς</span> <span class='ocrx_word' id='word_1_317' title='bbox 830 2899 886 2940; x_wconf 62' lang='grc' dir='ltr'><strong><em>ὅςο-</em></strong></span> 
     </span>
    </p>

    <p class='ocr_par' dir='ltr' id='par_1_18' title="bbox 232 2950 536 3023">
     <span class='ocr_line' id='line_1_60' title="bbox 232 2950 536 3023; baseline 0.01 -13"><span class='ocrx_word' id='word_1_318' title='bbox 232 2950 536 3023; x_wconf 51' lang='grc' dir='ltr'>Αἶγῦπζζᾘτέπηξε.</span> 
     </span>
    </p>
   </div>
   <div class='ocr_carea' id='block_1_14' title="bbox 685 785 1086 817">
    <p class='ocr_par' dir='ltr' id='par_1_19' title="bbox 685 785 1086 817">
     <span class='ocr_line' id='line_1_61' title="bbox 685 785 1086 817; baseline 0.002 -2"><span class='ocrx_word' id='word_1_319' title='bbox 685 785 698 803; x_wconf 82' lang='lat'>³</span> <span class='ocrx_word' id='word_1_320' title='bbox 720 786 872 816; x_wconf 75' lang='grc' dir='ltr'><strong><em>Θησῖοιδάαο</em></strong></span> <span class='ocrx_word' id='word_1_321' title='bbox 887 788 918 817; x_wconf 95' lang='lat' dir='ltr'>S.</span> <span class='ocrx_word' id='word_1_322' title='bbox 936 788 978 817; x_wconf 88' lang='lat' dir='ltr'>M.</span> <span class='ocrx_word' id='word_1_323' title='bbox 997 789 1032 817; x_wconf 86' lang='grc' dir='ltr'>Β.</span> <span class='ocrx_word' id='word_1_324' title='bbox 1051 788 1086 816; x_wconf 85' lang='grc' dir='ltr'>Α.</span> 
     </span>
    </p>
   </div>
   <div class='ocr_carea' id='block_1_15' title="bbox 1297 787 1551 818">
    <p class='ocr_par' dir='ltr' id='par_1_20' title="bbox 1297 787 1551 818">
     <span class='ocr_line' id='line_1_62' title="bbox 1297 787 1551 818; baseline 0.012 -3"><span class='ocrx_word' id='word_1_325' title='bbox 1297 787 1309 806; x_wconf 79' lang='lat'><strong>6</strong></span> <span class='ocrx_word' id='word_1_326' title='bbox 1331 788 1442 817; x_wconf 73' lang='grc' dir='ltr'><strong><em>ἄνασσαι</em></strong></span> <span class='ocrx_word' id='word_1_327' title='bbox 1457 790 1489 818; x_wconf 90' lang='lat' dir='ltr'>S.</span> <span class='ocrx_word' id='word_1_328' title='bbox 1507 790 1551 818; x_wconf 86' lang='grc' dir='ltr'>Μ.</span> 
     </span>
    </p>
   </div>
   <div class='ocr_carea' id='block_1_16' title="bbox 1164 829 1384 869">
    <p class='ocr_par' dir='ltr' id='par_1_21' title="bbox 1164 829 1384 869">
     <span class='ocr_line' id='line_1_63' title="bbox 1164 829 1384 869; baseline 0.005 -9"><span class='ocrx_word' id='word_1_329' title='bbox 1164 829 1175 848; x_wconf 59' lang='grc' dir='ltr'><strong>Β</strong></span> <span class='ocrx_word' id='word_1_330' title='bbox 1198 832 1273 869; x_wconf 73' lang='grc' dir='ltr'><strong><em>φονῗιν</em></strong></span> <span class='ocrx_word' id='word_1_331' title='bbox 1288 830 1320 860; x_wconf 90' lang='lat' dir='ltr'>S.</span> <span class='ocrx_word' id='word_1_332' title='bbox 1339 831 1384 861; x_wconf 88' lang='lat' dir='ltr'>M.</span> 
     </span>
    </p>
   </div>
   <div class='ocr_carea' id='block_1_17' title="bbox 934 904 1636 1199">
    <p class='ocr_par' dir='ltr' id='par_1_22' title="bbox 934 904 1636 1199">
     <span class='ocr_line' id='line_1_64' title="bbox 938 904 1635 943; baseline 0.001 -10"><span class='ocrx_word' id='word_1_333' title='bbox 938 904 996 933; x_wconf 82' lang='lat' dir='ltr'>cnf.</span> <span class='ocrx_word' id='word_1_334' title='bbox 1022 904 1110 934; x_wconf 85' lang='lat' dir='ltr'>Valk.</span> <span class='ocrx_word' id='word_1_335' title='bbox 1129 904 1159 933; x_wconf 91' lang='lat' dir='ltr'>in</span> <span class='ocrx_word' id='word_1_336' title='bbox 1185 904 1385 934; x_wconf 78' lang='lat' dir='ltr'>Callimachea</span> <span class='ocrx_word' id='word_1_337' title='bbox 1402 905 1508 942; x_wconf 82' lang='lat' dir='ltr'>fragm.</span> <span class='ocrx_word' id='word_1_338' title='bbox 1532 915 1562 943; x_wconf 89' lang='lat' dir='ltr'>p.</span> <span class='ocrx_word' id='word_1_339' title='bbox 1585 907 1635 934; x_wconf 91' lang='grc'>10.</span> 
     </span>
     <span class='ocr_line' id='line_1_65' title="bbox 937 947 1634 982; baseline 0 -6"><span class='ocrx_word' id='word_1_340' title='bbox 937 947 1099 976; x_wconf 86' lang='lat' dir='ltr'>Pancrates</span> <span class='ocrx_word' id='word_1_341' title='bbox 1120 947 1226 982; x_wconf 81' lang='lat' dir='ltr'>Arcas,</span> <span class='ocrx_word' id='word_1_342' title='bbox 1245 947 1394 976; x_wconf 81' lang='lat' dir='ltr'>referente</span> <span class='ocrx_word' id='word_1_343' title='bbox 1416 947 1574 982; x_wconf 86' lang='lat' dir='ltr'>Athenaeo,</span> <span class='ocrx_word' id='word_1_344' title='bbox 1591 947 1634 976; x_wconf 84' lang='lat' dir='ltr'>A·</span> 
     </span>
     <span class='ocr_line' id='line_1_66' title="bbox 935 989 1636 1029; baseline 0.001 -11"><span class='ocrx_word' id='word_1_345' title='bbox 935 989 1040 1019; x_wconf 83' lang='lat' dir='ltr'>driano</span> <span class='ocrx_word' id='word_1_346' title='bbox 1056 990 1228 1029; x_wconf 77' lang='lat' dir='ltr'>imperatori</span> <span class='ocrx_word' id='word_1_347' title='bbox 1250 999 1316 1018; x_wconf 88' lang='lat' dir='ltr'>cum</span> <span class='ocrx_word' id='word_1_348' title='bbox 1334 995 1415 1019; x_wconf 87' lang='lat' dir='ltr'>esset</span> <span class='ocrx_word' id='word_1_349' title='bbox 1430 989 1636 1027; x_wconf 64' lang='lat' dir='ltr'>Alexandriae,</span> 
     </span>
     <span class='ocr_line' id='line_1_67' title="bbox 936 1032 1636 1071; baseline 0.001 -10"><span class='ocrx_word' id='word_1_350' title='bbox 936 1032 1020 1062; x_wconf 82' lang='lat' dir='ltr'>velut</span> <span class='ocrx_word' id='word_1_351' title='bbox 1037 1038 1186 1061; x_wconf 82' lang='lat' dir='ltr'>ostentum</span> <span class='ocrx_word' id='word_1_352' title='bbox 1204 1032 1322 1070; x_wconf 88' lang='lat' dir='ltr'>ingens,</span> <span class='ocrx_word' id='word_1_353' title='bbox 1340 1033 1534 1070; x_wconf 87' lang='lat' dir='ltr'>spectandum</span> <span class='ocrx_word' id='word_1_354' title='bbox 1558 1042 1636 1071; x_wconf 84' lang='lat' dir='ltr'>prae·</span> 
     </span>
     <span class='ocr_line' id='line_1_68' title="bbox 936 1073 1635 1111; baseline 0.001 -8"><span class='ocrx_word' id='word_1_355' title='bbox 936 1074 1000 1104; x_wconf 90' lang='lat' dir='ltr'>buit</span> <span class='ocrx_word' id='word_1_356' title='bbox 1022 1075 1115 1104; x_wconf 84' lang='lat' dir='ltr'>lotum</span> <span class='ocrx_word' id='word_1_357' title='bbox 1136 1084 1267 1111; x_wconf 86' lang='lat' dir='ltr'>roseum,</span> <span class='ocrx_word' id='word_1_358' title='bbox 1290 1073 1442 1104; x_wconf 77' lang='grc' dir='ltr'><strong><em>Ἀντινόειον</em></strong></span> <span class='ocrx_word' id='word_1_359' title='bbox 1464 1076 1635 1104; x_wconf 78' lang='lat' dir='ltr'>Antinoium</span> 
     </span>
     <span class='ocr_line' id='line_1_69' title="bbox 934 1117 1635 1155; baseline 0 -9"><span class='ocrx_word' id='word_1_360' title='bbox 934 1118 1100 1147; x_wconf 83' lang='lat' dir='ltr'>vocandum</span> <span class='ocrx_word' id='word_1_361' title='bbox 1124 1127 1190 1146; x_wconf 88' lang='lat' dir='ltr'>esse</span> <span class='ocrx_word' id='word_1_362' title='bbox 1215 1117 1314 1154; x_wconf 80' lang='lat' dir='ltr'>dixit3</span> <span class='ocrx_word' id='word_1_363' title='bbox 1338 1117 1530 1155; x_wconf 83' lang='lat' dir='ltr'>pulcherrimi</span> <span class='ocrx_word' id='word_1_364' title='bbox 1554 1118 1635 1146; x_wconf 41' lang='lat' dir='ltr'>Pan-</span> 
     </span>
     <span class='ocr_line' id='line_1_70' title="bbox 934 1159 1634 1199; baseline 0.003 -11"><span class='ocrx_word' id='word_1_365' title='bbox 934 1161 1024 1189; x_wconf 79' lang='lat' dir='ltr'>cratis</span> <span class='ocrx_word' id='word_1_366' title='bbox 1050 1159 1203 1194; x_wconf 82' lang='lat' dir='ltr'>versiculi,</span> <span class='ocrx_word' id='word_1_367' title='bbox 1226 1160 1395 1189; x_wconf 83' lang='lat' dir='ltr'>conservati</span> <span class='ocrx_word' id='word_1_368' title='bbox 1419 1162 1456 1189; x_wconf 90' lang='lat' dir='ltr'>ab</span> <span class='ocrx_word' id='word_1_369' title='bbox 1476 1161 1634 1199; x_wconf 73' lang='lat' dir='ltr'>Athenaeo,</span> 
     </span>
    </p>
   </div>
   <div class='ocr_carea' id='block_1_18' title="bbox 931 1202 1276 1240">
    <p class='ocr_par' dir='ltr' id='par_1_23' title="bbox 931 1202 1276 1240">
     <span class='ocr_line' id='line_1_71' title="bbox 931 1202 1276 1240; baseline -0.003 -8"><span class='ocrx_word' id='word_1_370' title='bbox 931 1202 999 1232; x_wconf 83' lang='lat' dir='ltr'>Lib.</span> <span class='ocrx_word' id='word_1_371' title='bbox 1012 1203 1086 1232; x_wconf 88' lang='lat' dir='ltr'>XV.</span> <span class='ocrx_word' id='word_1_372' title='bbox 1102 1213 1132 1240; x_wconf 87' lang='lat' dir='ltr'>p.</span> <span class='ocrx_word' id='word_1_373' title='bbox 1149 1204 1223 1232; x_wconf 86' lang='grc'><strong>677.</strong></span> <span class='ocrx_word' id='word_1_374' title='bbox 1239 1203 1276 1231; x_wconf 91' lang='lat' dir='ltr'>F.</span> 
     </span>
    </p>
   </div>
   <div class='ocr_carea' id='block_1_19' title="bbox 971 1259 1632 1428">
    <p class='ocr_par' dir='ltr' id='par_1_24' title="bbox 971 1259 1632 1428">
     <span class='ocr_line' id='line_1_72' title="bbox 974 1259 1621 1300; baseline 0 -10"><span class='ocrx_word' id='word_1_375' title='bbox 974 1261 1050 1290; x_wconf 69' lang='grc' dir='ltr'><strong><em>οὐλὴν</em></strong></span> <span class='ocrx_word' id='word_1_376' title='bbox 1065 1260 1216 1300; x_wconf 65' lang='grc' dir='ltr'><strong><em>ἕρπυλλον,</em></strong></span> <span class='ocrx_word' id='word_1_377' title='bbox 1231 1259 1324 1290; x_wconf 70' lang='grc' dir='ltr'><strong><em>λευκέν</em></strong></span> <span class='ocrx_word' id='word_1_378' title='bbox 1338 1259 1427 1300; x_wconf 55' lang='grc' dir='ltr'><strong><em>κρίνον,</em></strong></span> <span class='ocrx_word' id='word_1_379' title='bbox 1443 1259 1482 1290; x_wconf 75' lang='grc' dir='ltr'>ἧδ’</span> <span class='ocrx_word' id='word_1_380' title='bbox 1497 1259 1621 1290; x_wconf 66' lang='grc' dir='ltr'><strong><em>ὑάκινθον</em></strong></span> 
     </span>
     <span class='ocr_line' id='line_1_73' title="bbox 972 1302 1590 1343; baseline -0.003 -10"><span class='ocrx_word' id='word_1_381' title='bbox 972 1302 1128 1342; x_wconf 60' lang='grc' dir='ltr'><strong><em>πορφυρέην,</em></strong></span> <span class='ocrx_word' id='word_1_382' title='bbox 1144 1304 1238 1332; x_wconf 79' lang='grc' dir='ltr'><strong>λευκοῦ</strong></span> <span class='ocrx_word' id='word_1_383' title='bbox 1255 1302 1282 1332; x_wconf 79' lang='grc' dir='ltr'>δὲ</span> <span class='ocrx_word' id='word_1_384' title='bbox 1296 1304 1450 1343; x_wconf 75' lang='grc' dir='ltr'><strong><em>χελιδονίοιο</em></strong></span> <span class='ocrx_word' id='word_1_385' title='bbox 1465 1302 1590 1340; x_wconf 74' lang='grc' dir='ltr'><strong><em>πέτηλοι,</em></strong></span> 
     </span>
     <span class='ocr_line' id='line_1_74' title="bbox 971 1345 1616 1385; baseline -0.002 -11"><span class='ocrx_word' id='word_1_386' title='bbox 971 1346 1017 1374; x_wconf 73' lang='grc' dir='ltr'>καὶ</span> <span class='ocrx_word' id='word_1_387' title='bbox 1033 1345 1101 1385; x_wconf 74' lang='grc' dir='ltr'><strong><em>ῥόδον</em></strong></span> <span class='ocrx_word' id='word_1_388' title='bbox 1116 1345 1264 1384; x_wconf 72' lang='grc' dir='ltr'><strong><em>εἰαρινοῖσιν</em></strong></span> <span class='ocrx_word' id='word_1_389' title='bbox 1279 1345 1442 1383; x_wconf 70' lang='grc' dir='ltr'><strong><em>ἀνοιγόμενον</em></strong></span> <span class='ocrx_word' id='word_1_390' title='bbox 1456 1345 1616 1385; x_wconf 71' lang='grc' dir='ltr'><strong><em>ζεψύξοισιν,</em></strong></span> 
     </span>
     <span class='ocr_line' id='line_1_75' title="bbox 971 1386 1632 1428; baseline -0.002 -11"><span class='ocrx_word' id='word_1_391' title='bbox 971 1388 1046 1418; x_wconf 76' lang='grc' dir='ltr'><strong><em>οὔπω</em></strong></span> <span class='ocrx_word' id='word_1_392' title='bbox 1057 1390 1110 1428; x_wconf 74' lang='grc' dir='ltr'>γὰρ</span> <span class='ocrx_word' id='word_1_393' title='bbox 1119 1389 1183 1427; x_wconf 73' lang='grc' dir='ltr'><strong><em>φύεν</em></strong></span> <span class='ocrx_word' id='word_1_394' title='bbox 1193 1387 1268 1420; x_wconf 71' lang='grc' dir='ltr'><strong><em>ἄνθος</em></strong></span> <span class='ocrx_word' id='word_1_395' title='bbox 1282 1386 1332 1416; x_wconf 70' lang='grc' dir='ltr'>ἔω</span> <span class='ocrx_word' id='word_1_396' title='bbox 1339 1389 1377 1416; x_wconf 75' lang='grc' dir='ltr'>ὧν</span> <span class='ocrx_word' id='word_1_397' title='bbox 1385 1400 1431 1428; x_wconf 81' lang='grc' dir='ltr'>υμ</span> <span class='ocrx_word' id='word_1_398' title='bbox 1440 1398 1470 1417; x_wconf 85' lang='grc' dir='ltr'>ον</span> <span class='ocrx_word' id='word_1_399' title='bbox 1481 1387 1632 1418; x_wconf 74' lang='grc' dir='ltr'><strong><em>Ἀντινόοιο.</em></strong></span> 
     </span>
    </p>
   </div>
   <div class='ocr_carea' id='block_1_20' title="bbox 929 1452 1632 1578">
    <p class='ocr_par' dir='ltr' id='par_1_25' title="bbox 929 1452 1632 1578">
     <span class='ocr_line' id='line_1_76' title="bbox 930 1452 1632 1489; baseline 0.001 -7"><span class='ocrx_word' id='word_1_400' title='bbox 930 1455 1071 1484; x_wconf 82' lang='lat' dir='ltr'>Senatum</span> <span class='ocrx_word' id='word_1_401' title='bbox 1090 1455 1266 1489; x_wconf 82' lang='lat' dir='ltr'>Romanum,</span> <span class='ocrx_word' id='word_1_402' title='bbox 1282 1453 1408 1483; x_wconf 77' lang='grc' dir='ltr'><strong><em>ἄνασσαν</em></strong></span> <span class='ocrx_word' id='word_1_403' title='bbox 1423 1452 1521 1486; x_wconf 72' lang='grc' dir='ltr'><strong><em>βουλῆν</em></strong></span> <span class='ocrx_word' id='word_1_404' title='bbox 1535 1458 1632 1483; x_wconf 82' lang='lat' dir='ltr'>vocat-</span> 
     </span>
     <span class='ocr_line' id='line_1_77' title="bbox 929 1496 1632 1532; baseline -0.001 -6"><span class='ocrx_word' id='word_1_405' title='bbox 929 1497 1029 1526; x_wconf 83' lang='lat' dir='ltr'>Simili</span> <span class='ocrx_word' id='word_1_406' title='bbox 1043 1497 1130 1526; x_wconf 90' lang='lat' dir='ltr'>modo</span> <span class='ocrx_word' id='word_1_407' title='bbox 1147 1496 1307 1532; x_wconf 77' lang='lat' dir='ltr'>Martialis,</span> <span class='ocrx_word' id='word_1_408' title='bbox 1323 1496 1470 1526; x_wconf 83' lang='lat' dir='ltr'>dominum</span> <span class='ocrx_word' id='word_1_409' title='bbox 1492 1496 1632 1526; x_wconf 77' lang='lat' dir='ltr'>Senatum</span> 
     </span>
     <span class='ocr_line' id='line_1_78' title="bbox 929 1539 1323 1578; baseline 0 -10"><span class='ocrx_word' id='word_1_410' title='bbox 929 1539 1063 1578; x_wconf 79' lang='lat' dir='ltr'>appellat</span> <span class='ocrx_word' id='word_1_411' title='bbox 1078 1539 1146 1568; x_wconf 88' lang='lat' dir='ltr'>Lib.</span> <span class='ocrx_word' id='word_1_412' title='bbox 1166 1539 1255 1568; x_wconf 89' lang='lat' dir='ltr'>XlV.</span> <span class='ocrx_word' id='word_1_413' title='bbox 1273 1541 1323 1568; x_wconf 88' lang='grc'>17.</span> 
     </span>
    </p>
   </div>
   <div class='ocr_carea' id='block_1_21' title="bbox 972 1597 1631 1678">
    <p class='ocr_par' dir='ltr' id='par_1_26' title="bbox 972 1597 1631 1678">
     <span class='ocr_line' id='line_1_79' title="bbox 972 1597 1631 1635; baseline -0.003 -8"><span class='ocrx_word' id='word_1_414' title='bbox 972 1602 992 1616; x_wconf 85' lang='grc'>“</span> <span class='ocrx_word' id='word_1_415' title='bbox 1012 1597 1210 1635; x_wconf 80' lang='lat' dir='ltr'>Synthesibus</span> <span class='ocrx_word' id='word_1_416' title='bbox 1226 1598 1297 1627; x_wconf 88' lang='lat' dir='ltr'>dnm</span> <span class='ocrx_word' id='word_1_417' title='bbox 1320 1597 1432 1635; x_wconf 87' lang='lat' dir='ltr'>gaudet</span> <span class='ocrx_word' id='word_1_418' title='bbox 1453 1606 1557 1635; x_wconf 85' lang='lat' dir='ltr'>eques,</span> <span class='ocrx_word' id='word_1_419' title='bbox 1578 1597 1631 1625; x_wconf 91' lang='lat' dir='ltr'>do-</span> 
     </span>
     <span class='ocr_line' id='line_1_80' title="bbox 1054 1638 1387 1678; baseline -0.003 -9"><span class='ocrx_word' id='word_1_420' title='bbox 1054 1640 1211 1678; x_wconf 80' lang='lat' dir='ltr'>minusque</span> <span class='ocrx_word' id='word_1_421' title='bbox 1227 1638 1387 1669; x_wconf 87' lang='lat' dir='ltr'>Senatus.&#39;’</span> 
     </span>
    </p>
   </div>
   <div class='ocr_carea' id='block_1_22' title="bbox 926 1704 1632 1822">
    <p class='ocr_par' dir='ltr' id='par_1_27' title="bbox 926 1704 1632 1822">
     <span class='ocr_line' id='line_1_81' title="bbox 927 1704 1632 1746; baseline -0.001 -11"><span class='ocrx_word' id='word_1_422' title='bbox 927 1706 963 1739; x_wconf 85' lang='grc' dir='ltr'>εἷς</span> <span class='ocrx_word' id='word_1_423' title='bbox 986 1704 1080 1737; x_wconf 64' lang='grc' dir='ltr'><strong><em>ἔουλῆν</em></strong></span> <span class='ocrx_word' id='word_1_424' title='bbox 1104 1705 1270 1745; x_wconf 67' lang='grc' dir='ltr'><strong><em>ἀγεςὲστθοιι,</em></strong></span> <span class='ocrx_word' id='word_1_425' title='bbox 1294 1704 1399 1746; x_wconf 81' lang='lat' dir='ltr'>referri</span> <span class='ocrx_word' id='word_1_426' title='bbox 1425 1707 1455 1735; x_wconf 81' lang='lat' dir='ltr'>in</span> <span class='ocrx_word' id='word_1_427' title='bbox 1479 1705 1632 1741; x_wconf 81' lang='lat' dir='ltr'>Senatum,</span> 
     </span>
     <span class='ocr_line' id='line_1_82' title="bbox 926 1747 1627 1822; baseline -0.001 -44"><span class='ocrx_word' id='word_1_428' title='bbox 926 1749 1203 1822; x_wconf 51' lang='grc' dir='ltr'><strong><em>ἵιέξσιξῗ4ὃειιαῑαὶ.</em></strong></span> <span class='ocrx_word' id='word_1_429' title='bbox 1233 1748 1415 1788; x_wconf 87' lang='lat' dir='ltr'>Apollonius</span> <span class='ocrx_word' id='word_1_430' title='bbox 1440 1748 1539 1777; x_wconf 79' lang='lat' dir='ltr'>Rhod.</span> <span class='ocrx_word' id='word_1_431' title='bbox 1560 1747 1627 1777; x_wconf 89' lang='lat' dir='ltr'>Lib.</span> 
     </span>
    </p>
   </div>
   <div class='ocr_carea' id='block_1_23' title="bbox 967 1849 1564 1891">
    <p class='ocr_par' dir='ltr' id='par_1_28' title="bbox 967 1849 1564 1891">
     <span class='ocr_line' id='line_1_83' title="bbox 967 1849 1564 1891; baseline 0 -12"><span class='ocrx_word' id='word_1_432' title='bbox 967 1849 995 1883; x_wconf 75' lang='grc' dir='ltr'>ἐς</span> <span class='ocrx_word' id='word_1_433' title='bbox 1008 1849 1033 1879; x_wconf 83' lang='grc' dir='ltr'>δ’</span> <span class='ocrx_word' id='word_1_434' title='bbox 1045 1851 1139 1891; x_wconf 70' lang='grc' dir='ltr'><strong><em>ἀγορὴν</em></strong></span> <span class='ocrx_word' id='word_1_435' title='bbox 1154 1849 1239 1889; x_wconf 72' lang='grc' dir='ltr'>ἀγὲς</span> <span class='ocrx_word' id='word_1_436' title='bbox 1248 1849 1313 1880; x_wconf 86' lang='grc' dir='ltr'><strong><em>οντ’</em></strong></span> <span class='ocrx_word' id='word_1_437' title='bbox 1327 1849 1363 1880; x_wconf 75' lang='grc' dir='ltr'><strong><em>ἑνὶ</em></strong></span> <span class='ocrx_word' id='word_1_438' title='bbox 1379 1849 1511 1890; x_wconf 81' lang='grc' dir='ltr'><strong><em>τεύχεσιν</em></strong></span> <span class='ocrx_word' id='word_1_439' title='bbox 1522 1868 1564 1872; x_wconf 82' lang='grc'>-</span> 
     </span>
    </p>
   </div>
   <div class='ocr_carea' id='block_1_24' title="bbox 918 1916 1625 3024">
    <p class='ocr_par' dir='ltr' id='par_1_29' title="bbox 918 1916 1625 3024">
     <span class='ocr_line' id='line_1_84' title="bbox 926 1916 1625 1958; baseline 0 -11"><span class='ocrx_word' id='word_1_440' title='bbox 926 1918 1008 1947; x_wconf 84' lang='lat' dir='ltr'>Noto</span> <span class='ocrx_word' id='word_1_441' title='bbox 1023 1918 1218 1956; x_wconf 77' lang='lat' dir='ltr'>metaplasmo</span> <span class='ocrx_word' id='word_1_442' title='bbox 1234 1917 1427 1958; x_wconf 68' lang='grc' dir='ltr'><strong><em>οιτξωτόθςονες</em></strong></span> <span class='ocrx_word' id='word_1_443' title='bbox 1448 1916 1520 1957; x_wconf 72' lang='grc' dir='ltr'><strong><em>ἕδςιιι</em></strong></span> <span class='ocrx_word' id='word_1_444' title='bbox 1535 1917 1625 1954; x_wconf 68' lang='lat' dir='ltr'>dixit,</span> 
     </span>
     <span class='ocr_line' id='line_1_85' title="bbox 926 1959 1624 2001; baseline 0 -12"><span class='ocrx_word' id='word_1_445' title='bbox 926 1971 980 1998; x_wconf 86' lang='lat' dir='ltr'>pro</span> <span class='ocrx_word' id='word_1_446' title='bbox 997 1960 1176 2001; x_wconf 68' lang='grc' dir='ltr'><strong><em>ωςωτόθρονοι</em></strong></span> <span class='ocrx_word' id='word_1_447' title='bbox 1197 1959 1221 1990; x_wconf 83' lang='grc' dir='ltr'>ἕ.</span> <span class='ocrx_word' id='word_1_448' title='bbox 1251 1960 1302 1989; x_wconf 89' lang='lat' dir='ltr'>Sic</span> <span class='ocrx_word' id='word_1_449' title='bbox 1318 1962 1471 1990; x_wconf 76' lang='lat' dir='ltr'>Homerus</span> <span class='ocrx_word' id='word_1_450' title='bbox 1488 1960 1578 1989; x_wconf 87' lang='lat' dir='ltr'>Iliad.</span> <span class='ocrx_word' id='word_1_451' title='bbox 1595 1960 1624 1990; x_wconf 79' lang='grc' dir='ltr'>α’.</span> 
     </span>
     <span class='ocr_line' id='line_1_86' title="bbox 924 2002 1622 2042; baseline -0.001 -9"><span class='ocrx_word' id='word_1_452' title='bbox 924 2005 998 2033; x_wconf 82' lang='grc'><strong>354.</strong></span> <span class='ocrx_word' id='word_1_453' title='bbox 1023 2009 1053 2032; x_wconf 92' lang='lat' dir='ltr'>et</span> <span class='ocrx_word' id='word_1_454' title='bbox 1078 2002 1119 2033; x_wconf 76' lang='grc' dir='ltr'>π’.</span> <span class='ocrx_word' id='word_1_455' title='bbox 1140 2006 1212 2034; x_wconf 85' lang='grc'><strong>370.</strong></span> <span class='ocrx_word' id='word_1_456' title='bbox 1238 2002 1430 2042; x_wconf 75' lang='grc' dir='ltr'><strong><em>ἔξυσάρματες</em></strong></span> <span class='ocrx_word' id='word_1_457' title='bbox 1449 2002 1544 2037; x_wconf 71' lang='grc' dir='ltr'><strong><em>ἵπποι,</em></strong></span> <span class='ocrx_word' id='word_1_458' title='bbox 1566 2013 1622 2041; x_wconf 85' lang='lat' dir='ltr'>pru</span> 
     </span>
     <span class='ocr_line' id='line_1_87' title="bbox 924 2043 1622 2085; baseline 0.001 -12"><span class='ocrx_word' id='word_1_459' title='bbox 924 2043 1124 2085; x_wconf 70' lang='grc' dir='ltr'><strong><em>ἔξυο-ίιρμοιτοι.</em></strong></span> <span class='ocrx_word' id='word_1_460' title='bbox 1144 2046 1196 2075; x_wconf 91' lang='lat' dir='ltr'>ubi</span> <span class='ocrx_word' id='word_1_461' title='bbox 1211 2045 1273 2075; x_wconf 78' lang='lat' dir='ltr'>vid.</span> <span class='ocrx_word' id='word_1_462' title='bbox 1290 2045 1390 2075; x_wconf 80' lang='lat' dir='ltr'>Schol.</span> <span class='ocrx_word' id='word_1_463' title='bbox 1415 2047 1480 2074; x_wconf 89' lang='lat' dir='ltr'>Nec</span> <span class='ocrx_word' id='word_1_464' title='bbox 1497 2045 1525 2074; x_wconf 87' lang='lat' dir='ltr'>in</span> <span class='ocrx_word' id='word_1_465' title='bbox 1541 2055 1622 2074; x_wconf 89' lang='lat' dir='ltr'>com-</span> 
     </span>
     <span class='ocr_line' id='line_1_88' title="bbox 924 2087 1620 2126; baseline 0 -10"><span class='ocrx_word' id='word_1_466' title='bbox 924 2089 1032 2126; x_wconf 82' lang='lat' dir='ltr'>positis</span> <span class='ocrx_word' id='word_1_467' title='bbox 1048 2094 1160 2118; x_wconf 88' lang='lat' dir='ltr'>tantum</span> <span class='ocrx_word' id='word_1_468' title='bbox 1178 2089 1314 2122; x_wconf 86' lang='lat' dir='ltr'>vocibus,</span> <span class='ocrx_word' id='word_1_469' title='bbox 1327 2088 1419 2117; x_wconf 86' lang='lat' dir='ltr'>sedin</span> <span class='ocrx_word' id='word_1_470' title='bbox 1432 2087 1620 2125; x_wconf 86' lang='lat' dir='ltr'>simplicibus</span> 
     </span>
     <span class='ocr_line' id='line_1_89' title="bbox 923 2129 1620 2170; baseline -0.001 -10"><span class='ocrx_word' id='word_1_471' title='bbox 923 2141 1040 2170; x_wconf 89' lang='lat' dir='ltr'>quoque</span> <span class='ocrx_word' id='word_1_472' title='bbox 1051 2132 1221 2169; x_wconf 83' lang='lat' dir='ltr'>frequenter</span> <span class='ocrx_word' id='word_1_473' title='bbox 1235 2129 1404 2168; x_wconf 84' lang='lat' dir='ltr'>hujusmodi</span> <span class='ocrx_word' id='word_1_474' title='bbox 1420 2130 1620 2168; x_wconf 79' lang='lat' dir='ltr'>metaplasmi.</span> 
     </span>
     <span class='ocr_line' id='line_1_90' title="bbox 922 2171 1620 2212; baseline 0.001 -11"><span class='ocrx_word' id='word_1_475' title='bbox 922 2173 974 2201; x_wconf 79' lang='lat' dir='ltr'>Sic</span> <span class='ocrx_word' id='word_1_476' title='bbox 989 2183 1036 2212; x_wconf 87' lang='lat' dir='ltr'>ap.</span> <span class='ocrx_word' id='word_1_477' title='bbox 1054 2174 1144 2203; x_wconf 88' lang='lat' dir='ltr'>Hom.</span> <span class='ocrx_word' id='word_1_478' title='bbox 1157 2173 1246 2203; x_wconf 86' lang='lat' dir='ltr'>Iliad.</span> <span class='ocrx_word' id='word_1_479' title='bbox 1263 2171 1296 2201; x_wconf 94' lang='grc' dir='ltr'>λ’.</span> <span class='ocrx_word' id='word_1_480' title='bbox 1312 2175 1383 2203; x_wconf 83' lang='grc'><strong>600.</strong></span> <span class='ocrx_word' id='word_1_481' title='bbox 1395 2172 1463 2202; x_wconf 54' lang='lat' dir='ltr'>{fixa</span> <span class='ocrx_word' id='word_1_482' title='bbox 1476 2171 1620 2212; x_wconf 72' lang='grc' dir='ltr'><strong><em>δακςυόεσ-</em></strong></span> 
     </span>
     <span class='ocr_line' id='line_1_91' title="bbox 921 2215 1621 2255; baseline 0.001 -12"><span class='ocrx_word' id='word_1_483' title='bbox 921 2226 992 2252; x_wconf 55' lang='lat' dir='ltr'>cam</span> <span class='ocrx_word' id='word_1_484' title='bbox 1016 2217 1096 2255; x_wconf 88' lang='lat' dir='ltr'>qnod</span> <span class='ocrx_word' id='word_1_485' title='bbox 1111 2216 1199 2246; x_wconf 84' lang='lat' dir='ltr'>etiam</span> <span class='ocrx_word' id='word_1_486' title='bbox 1215 2226 1271 2254; x_wconf 86' lang='lat' dir='ltr'>per</span> <span class='ocrx_word' id='word_1_487' title='bbox 1285 2216 1509 2253; x_wconf 83' lang='lat' dir='ltr'>metaplasmum</span> <span class='ocrx_word' id='word_1_488' title='bbox 1525 2215 1621 2245; x_wconf 88' lang='lat' dir='ltr'>decli·</span> 
     </span>
     <span class='ocr_line' id='line_1_92' title="bbox 922 2258 1621 2298; baseline 0.001 -12"><span class='ocrx_word' id='word_1_489' title='bbox 922 2259 1052 2288; x_wconf 81' lang='lat' dir='ltr'>nationis</span> <span class='ocrx_word' id='word_1_490' title='bbox 1066 2269 1119 2298; x_wconf 92' lang='lat' dir='ltr'>pro</span> <span class='ocrx_word' id='word_1_491' title='bbox 1135 2258 1223 2293; x_wconf 78' lang='grc' dir='ltr'><strong><em>ἷοοκῆν,</em></strong></span> <span class='ocrx_word' id='word_1_492' title='bbox 1238 2258 1326 2287; x_wconf 81' lang='lat' dir='ltr'>siculi</span> <span class='ocrx_word' id='word_1_493' title='bbox 1342 2268 1396 2296; x_wconf 89' lang='lat' dir='ltr'>pro</span> <span class='ocrx_word' id='word_1_494' title='bbox 1411 2259 1508 2296; x_wconf 76' lang='grc' dir='ltr'><strong><em>φυγὴν,</em></strong></span> <span class='ocrx_word' id='word_1_495' title='bbox 1521 2259 1621 2287; x_wconf 87' lang='lat' dir='ltr'>Hero-</span> 
     </span>
     <span class='ocr_line' id='line_1_93' title="bbox 922 2300 1621 2340; baseline 0.001 -11"><span class='ocrx_word' id='word_1_496' title='bbox 922 2300 1012 2330; x_wconf 85' lang='lat' dir='ltr'>dotus</span> <span class='ocrx_word' id='word_1_497' title='bbox 1032 2302 1100 2331; x_wconf 83' lang='lat' dir='ltr'>Lib.</span> <span class='ocrx_word' id='word_1_498' title='bbox 1125 2302 1188 2331; x_wconf 88' lang='lat'>111.</span> <span class='ocrx_word' id='word_1_499' title='bbox 1210 2312 1241 2340; x_wconf 88' lang='lat' dir='ltr'>p.</span> <span class='ocrx_word' id='word_1_500' title='bbox 1260 2303 1333 2331; x_wconf 79' lang='lat'>370.</span> <span class='ocrx_word' id='word_1_501' title='bbox 1359 2300 1390 2329; x_wconf 88' lang='lat' dir='ltr'>in</span> <span class='ocrx_word' id='word_1_502' title='bbox 1415 2311 1503 2339; x_wconf 85' lang='lat' dir='ltr'>prosa</span> <span class='ocrx_word' id='word_1_503' title='bbox 1533 2301 1621 2330; x_wconf 82' lang='lat' dir='ltr'>habet</span> 
     </span>
     <span class='ocr_line' id='line_1_94' title="bbox 921 2343 1621 2383; baseline 0 -11"><span class='ocrx_word' id='word_1_504' title='bbox 921 2343 1010 2381; x_wconf 77' lang='grc' dir='ltr'><strong><em>φύγοι,</em></strong></span> <span class='ocrx_word' id='word_1_505' title='bbox 1036 2343 1120 2383; x_wconf 87' lang='lat' dir='ltr'>quasi</span> <span class='ocrx_word' id='word_1_506' title='bbox 1143 2355 1181 2374; x_wconf 88' lang='lat' dir='ltr'>ex</span> <span class='ocrx_word' id='word_1_507' title='bbox 1207 2344 1294 2374; x_wconf 84' lang='lat' dir='ltr'>tertia</span> <span class='ocrx_word' id='word_1_508' title='bbox 1315 2343 1517 2373; x_wconf 85' lang='lat' dir='ltr'>declinatione</span> <span class='ocrx_word' id='word_1_509' title='bbox 1539 2348 1621 2373; x_wconf 80' lang='lat' dir='ltr'>esset</span> 
     </span>
     <span class='ocr_line' id='line_1_95' title="bbox 923 2385 1618 2426; baseline 0 -12"><span class='ocrx_word' id='word_1_510' title='bbox 923 2385 981 2425; x_wconf 77' lang='grc' dir='ltr'>ἶὼξ,</span> <span class='ocrx_word' id='word_1_511' title='bbox 993 2387 1080 2423; x_wconf 76' lang='grc' dir='ltr'><strong><em>ῖῶκος,</em></strong></span> <span class='ocrx_word' id='word_1_512' title='bbox 1092 2392 1123 2416; x_wconf 84' lang='lat' dir='ltr'>et</span> <span class='ocrx_word' id='word_1_513' title='bbox 1133 2385 1304 2426; x_wconf 75' lang='grc' dir='ltr'><strong><em>φὺξ,φυγο’ς.</em></strong></span> <span class='ocrx_word' id='word_1_514' title='bbox 1322 2386 1521 2424; x_wconf 83' lang='lat' dir='ltr'>Epicharmus</span> <span class='ocrx_word' id='word_1_515' title='bbox 1529 2386 1618 2415; x_wconf 78' lang='lat' dir='ltr'>etiam</span> 
     </span>
     <span class='ocr_line' id='line_1_96' title="bbox 922 2428 1617 2468; baseline 0 -10"><span class='ocrx_word' id='word_1_516' title='bbox 922 2439 969 2468; x_wconf 82' lang='lat' dir='ltr'>ap.</span> <span class='ocrx_word' id='word_1_517' title='bbox 980 2429 1093 2459; x_wconf 80' lang='lat' dir='ltr'>Athen.</span> <span class='ocrx_word' id='word_1_518' title='bbox 1110 2430 1178 2459; x_wconf 85' lang='lat' dir='ltr'>Lib.</span> <span class='ocrx_word' id='word_1_519' title='bbox 1193 2430 1268 2459; x_wconf 82' lang='lat' dir='ltr'>VIl.</span> <span class='ocrx_word' id='word_1_520' title='bbox 1282 2439 1310 2457; x_wconf 86' lang='lat' dir='ltr'>v.</span> <span class='ocrx_word' id='word_1_521' title='bbox 1323 2431 1408 2463; x_wconf 61' lang='lat'>288„</span> <span class='ocrx_word' id='word_1_522' title='bbox 1424 2428 1518 2458; x_wconf 75' lang='grc' dir='ltr'><strong><em>αἰόλαι</em></strong></span> <span class='ocrx_word' id='word_1_523' title='bbox 1532 2431 1617 2458; x_wconf 65' lang='grc' dir='ltr'><strong><em>πλῶ-</em></strong></span> 
     </span>
     <span class='ocr_line' id='line_1_97' title="bbox 921 2471 1564 2512; baseline 0 -11"><span class='ocrx_word' id='word_1_524' title='bbox 921 2483 980 2507; x_wconf 81' lang='grc' dir='ltr'><strong><em>τες,</em></strong></span> <span class='ocrx_word' id='word_1_525' title='bbox 998 2483 1051 2512; x_wconf 90' lang='lat' dir='ltr'>pro</span> <span class='ocrx_word' id='word_1_526' title='bbox 1067 2474 1194 2504; x_wconf 78' lang='grc' dir='ltr'><strong><em>πλῶται.</em></strong></span> <span class='ocrx_word' id='word_1_527' title='bbox 1216 2472 1277 2501; x_wconf 89' lang='lat' dir='ltr'>Sed</span> <span class='ocrx_word' id='word_1_528' title='bbox 1291 2471 1361 2500; x_wconf 85' lang='lat' dir='ltr'>vide</span> <span class='ocrx_word' id='word_1_529' title='bbox 1377 2472 1564 2501; x_wconf 82' lang='lat' dir='ltr'>Salmasium.</span> 
     </span>
     <span class='ocr_line' id='line_1_98' title="bbox 962 2513 1617 2554; baseline -0.006 -9"><span class='ocrx_word' id='word_1_530' title='bbox 962 2514 1078 2546; x_wconf 69' lang='grc' dir='ltr'><strong><em>Ἐλλάδι</em></strong></span> <span class='ocrx_word' id='word_1_531' title='bbox 1099 2514 1121 2544; x_wconf 79' lang='grc' dir='ltr'>δ’</span> <span class='ocrx_word' id='word_1_532' title='bbox 1141 2515 1202 2545; x_wconf 80' lang='grc' dir='ltr'><strong><em>οὔτε</em></strong></span> <span class='ocrx_word' id='word_1_533' title='bbox 1223 2513 1296 2551; x_wconf 75' lang='grc' dir='ltr'><strong><em>γένος</em></strong></span> <span class='ocrx_word' id='word_1_534' title='bbox 1312 2513 1521 2554; x_wconf 72' lang='grc' dir='ltr'><strong><em>Βασιλεύτεςος]</em></strong></span> <span class='ocrx_word' id='word_1_535' title='bbox 1549 2513 1617 2543; x_wconf 87' lang='lat' dir='ltr'>Ele-</span> 
     </span>
     <span class='ocr_line' id='line_1_99' title="bbox 921 2556 1618 2597; baseline -0.004 -10"><span class='ocrx_word' id='word_1_536' title='bbox 921 2563 1026 2596; x_wconf 82' lang='lat' dir='ltr'>ganter</span> <span class='ocrx_word' id='word_1_537' title='bbox 1049 2559 1098 2588; x_wconf 85' lang='lat' dir='ltr'>hic</span> <span class='ocrx_word' id='word_1_538' title='bbox 1114 2556 1323 2597; x_wconf 75' lang='grc' dir='ltr'><strong><em>βασιλεύτερος,</em></strong></span> <span class='ocrx_word' id='word_1_539' title='bbox 1339 2558 1565 2596; x_wconf 74' lang='lat' dir='ltr'>proestuntiorem</span> <span class='ocrx_word' id='word_1_540' title='bbox 1587 2560 1618 2584; x_wconf 85' lang='lat' dir='ltr'>et</span> 
     </span>
     <span class='ocr_line' id='line_1_100' title="bbox 919 2597 1616 2640; baseline -0.006 -11"><span class='ocrx_word' id='word_1_541' title='bbox 919 2610 1022 2640; x_wconf 84' lang='lat' dir='ltr'>genere</span> <span class='ocrx_word' id='word_1_542' title='bbox 1033 2601 1192 2630; x_wconf 77' lang='lat' dir='ltr'>nobiliorem</span> <span class='ocrx_word' id='word_1_543' title='bbox 1207 2600 1366 2638; x_wconf 84' lang='lat' dir='ltr'>significat.</span> <span class='ocrx_word' id='word_1_544' title='bbox 1390 2600 1490 2630; x_wconf 82' lang='lat' dir='ltr'>Graeci</span> <span class='ocrx_word' id='word_1_545' title='bbox 1504 2597 1616 2636; x_wconf 89' lang='lat' dir='ltr'>saepius</span> 
     </span>
     <span class='ocr_line' id='line_1_101' title="bbox 920 2642 1618 2681; baseline -0.004 -9"><span class='ocrx_word' id='word_1_546' title='bbox 920 2642 1052 2677; x_wconf 69' lang='grc' dir='ltr'><strong><em>βασιλεῖς</em></strong></span> <span class='ocrx_word' id='word_1_547' title='bbox 1068 2647 1177 2673; x_wconf 83' lang='lat' dir='ltr'>vocant</span> <span class='ocrx_word' id='word_1_548' title='bbox 1192 2643 1337 2678; x_wconf 86' lang='lat' dir='ltr'>homines,</span> <span class='ocrx_word' id='word_1_549' title='bbox 1352 2643 1401 2681; x_wconf 88' lang='lat' dir='ltr'>qui</span> <span class='ocrx_word' id='word_1_550' title='bbox 1418 2647 1479 2671; x_wconf 83' lang='lat' dir='ltr'>arte</span> <span class='ocrx_word' id='word_1_551' title='bbox 1496 2651 1549 2670; x_wconf 87' lang='lat' dir='ltr'>sua</span> <span class='ocrx_word' id='word_1_552' title='bbox 1564 2650 1618 2669; x_wconf 80' lang='lat' dir='ltr'>ex-</span> 
     </span>
     <span class='ocr_line' id='line_1_102' title="bbox 920 2683 1617 2725; baseline -0.004 -11"><span class='ocrx_word' id='word_1_553' title='bbox 920 2686 1044 2722; x_wconf 88' lang='lat' dir='ltr'>cellunt,</span> <span class='ocrx_word' id='word_1_554' title='bbox 1073 2685 1208 2725; x_wconf 87' lang='lat' dir='ltr'>aliosque</span> <span class='ocrx_word' id='word_1_555' title='bbox 1236 2692 1376 2724; x_wconf 84' lang='lat' dir='ltr'>superant</span> <span class='ocrx_word' id='word_1_556' title='bbox 1402 2683 1514 2722; x_wconf 85' lang='lat' dir='ltr'>ingenii</span> <span class='ocrx_word' id='word_1_557' title='bbox 1540 2692 1617 2720; x_wconf 86' lang='lat' dir='ltr'>prae-</span> 
     </span>
     <span class='ocr_line' id='line_1_103' title="bbox 921 2724 1616 2768; baseline -0.007 -10"><span class='ocrx_word' id='word_1_558' title='bbox 921 2729 1042 2765; x_wconf 74' lang='lat' dir='ltr'>stantia.</span> <span class='ocrx_word' id='word_1_559' title='bbox 1072 2728 1226 2758; x_wconf 88' lang='lat' dir='ltr'>Adrianus</span> <span class='ocrx_word' id='word_1_560' title='bbox 1248 2728 1391 2768; x_wconf 85' lang='lat' dir='ltr'>Sophista</span> <span class='ocrx_word' id='word_1_561' title='bbox 1410 2726 1489 2765; x_wconf 89' lang='lat' dir='ltr'>apud</span> <span class='ocrx_word' id='word_1_562' title='bbox 1515 2724 1616 2754; x_wconf 87' lang='lat' dir='ltr'>Philo-</span> 
     </span>
     <span class='ocr_line' id='line_1_104' title="bbox 920 2767 1618 2810; baseline -0.009 -10"><span class='ocrx_word' id='word_1_563' title='bbox 920 2775 1058 2810; x_wconf 76' lang='lat' dir='ltr'>stratum‚</span> <span class='ocrx_word' id='word_1_564' title='bbox 1074 2771 1228 2808; x_wconf 83' lang='lat' dir='ltr'>Herodem</span> <span class='ocrx_word' id='word_1_565' title='bbox 1245 2771 1369 2801; x_wconf 80' lang='lat' dir='ltr'>vocabat</span> <span class='ocrx_word' id='word_1_566' title='bbox 1389 2767 1548 2803; x_wconf 66' lang='grc' dir='ltr'><strong><em>βασιλέᾳ</em></strong></span> <span class='ocrx_word' id='word_1_567' title='bbox 1563 2769 1618 2797; x_wconf 74' lang='grc' dir='ltr'><strong><em>τῶν</em></strong></span> 
     </span>
     <span class='ocr_line' id='line_1_105' title="bbox 919 2809 1615 2853; baseline -0.006 -11"><span class='ocrx_word' id='word_1_568' title='bbox 919 2812 1015 2852; x_wconf 80' lang='grc' dir='ltr'><strong><em>λόγων.</em></strong></span> <span class='ocrx_word' id='word_1_569' title='bbox 1040 2815 1084 2843; x_wconf 88' lang='lat' dir='ltr'>En</span> <span class='ocrx_word' id='word_1_570' title='bbox 1096 2815 1163 2853; x_wconf 87' lang='lat' dir='ltr'>ejus</span> <span class='ocrx_word' id='word_1_571' title='bbox 1176 2814 1284 2844; x_wconf 83' lang='lat' dir='ltr'>verba:</span> <span class='ocrx_word' id='word_1_572' title='bbox 1306 2812 1418 2852; x_wconf 62' lang='grc' dir='ltr'><strong><em>Ἡρώδην</em></strong></span> <span class='ocrx_word' id='word_1_573' title='bbox 1432 2810 1459 2840; x_wconf 81' lang='grc' dir='ltr'>δὲ</span> <span class='ocrx_word' id='word_1_574' title='bbox 1473 2809 1519 2840; x_wconf 70' lang='grc' dir='ltr'><strong><em>τὸν</em></strong></span> <span class='ocrx_word' id='word_1_575' title='bbox 1534 2809 1615 2847; x_wconf 66' lang='lat' dir='ltr'>Gaea-</span> 
     </span>
     <span class='ocr_line' id='line_1_106' title="bbox 919 2850 1617 2895; baseline 0.001 -10"><span class='ocrx_word' id='word_1_576' title='bbox 919 2855 971 2885; x_wconf 74' lang='grc' dir='ltr'>λέα.</span> <span class='ocrx_word' id='word_1_577' title='bbox 986 2858 1040 2886; x_wconf 73' lang='grc' dir='ltr'><strong><em>τῶν</em></strong></span> <span class='ocrx_word' id='word_1_578' title='bbox 1055 2854 1141 2895; x_wconf 73' lang='grc' dir='ltr'><strong><em>λόγων</em></strong></span> <span class='ocrx_word' id='word_1_579' title='bbox 1155 2856 1311 2895; x_wconf 67' lang='grc' dir='ltr'><strong><em>ἀγαπητὸν,</em></strong></span> <span class='ocrx_word' id='word_1_580' title='bbox 1329 2854 1356 2885; x_wconf 77' lang='grc' dir='ltr'>ἢν</span> <span class='ocrx_word' id='word_1_581' title='bbox 1370 2852 1452 2887; x_wconf 61' lang='lat' dir='ltr'>iam&lt;</span> <span class='ocrx_word' id='word_1_582' title='bbox 1468 2863 1501 2882; x_wconf 80' lang='grc' dir='ltr'>τε</span> <span class='ocrx_word' id='word_1_583' title='bbox 1515 2852 1561 2886; x_wconf 62' lang='grc' dir='ltr'><em>κοῦ</em></span> <span class='ocrx_word' id='word_1_584' title='bbox 1573 2850 1617 2880; x_wconf 63' lang='lat'>‘&#39;¹¹¹-</span> 
     </span>
     <span class='ocr_line' id='line_1_107' title="bbox 918 2894 1616 2940; baseline -0.003 -13"><span class='ocrx_word' id='word_1_585' title='bbox 918 2906 975 2936; x_wconf 81' lang='grc' dir='ltr'>φων</span> <span class='ocrx_word' id='word_1_586' title='bbox 989 2899 1191 2940; x_wconf 65' lang='grc' dir='ltr'><strong><em>ὑποκρίνωμαι.</em></strong></span> <span class='ocrx_word' id='word_1_587' title='bbox 1223 2899 1308 2938; x_wconf 84' lang='lat' dir='ltr'>Apud</span> <span class='ocrx_word' id='word_1_588' title='bbox 1325 2896 1505 2936; x_wconf 74' lang='lat' dir='ltr'>Eumapium,</span> <span class='ocrx_word' id='word_1_589' title='bbox 1521 2906 1548 2926; x_wconf 82' lang='lat' dir='ltr'>c.</span> <span class='ocrx_word' id='word_1_590' title='bbox 1563 2894 1616 2927; x_wconf 70' lang='lat'>2⁷.</span> 
     </span>
     <span class='ocr_line' id='line_1_108' title="bbox 921 2935 1617 2980; baseline -0.001 -10"><span class='ocrx_word' id='word_1_591' title='bbox 921 2942 1119 2978; x_wconf 82' lang='lat' dir='ltr'>Proaeresius,</span> <span class='ocrx_word' id='word_1_592' title='bbox 1140 2942 1170 2971; x_wconf 91' lang='lat' dir='ltr'>in</span> <span class='ocrx_word' id='word_1_593' title='bbox 1187 2940 1380 2980; x_wconf 85' lang='lat' dir='ltr'>inscriptione</span> <span class='ocrx_word' id='word_1_594' title='bbox 1399 2943 1518 2973; x_wconf 78' lang='lat' dir='ltr'>statuae,</span> <span class='ocrx_word' id='word_1_595' title='bbox 1534 2935 1617 2972; x_wconf 64' lang='lat' dir='ltr'>cam·</span> 
     </span>
     <span class='ocr_line' id='line_1_109' title="bbox 919 2980 1617 3024; baseline -0.004 -9"><span class='ocrx_word' id='word_1_596' title='bbox 919 2984 1002 3014; x_wconf 56' lang='grc' dir='ltr'><strong><em>λεὼν</em></strong></span> <span class='ocrx_word' id='word_1_597' title='bbox 1021 2984 1107 3024; x_wconf 73' lang='grc' dir='ltr'><strong><em>λόγων</em></strong></span> <span class='ocrx_word' id='word_1_598' title='bbox 1126 2984 1247 3015; x_wconf 83' lang='lat' dir='ltr'>dicitur.</span> <span class='ocrx_word' id='word_1_599' title='bbox 1271 2982 1365 3012; x_wconf 73' lang='grc' dir='ltr'><strong><em>πολλοὶ</em></strong></span> <span class='ocrx_word' id='word_1_600' title='bbox 1388 2980 1410 3011; x_wconf 77' lang='grc' dir='ltr'>δ’</span> <span class='ocrx_word' id='word_1_601' title='bbox 1430 2980 1484 3011; x_wconf 68' lang='grc' dir='ltr'>ἐπὶ</span> <span class='ocrx_word' id='word_1_602' title='bbox 1502 2983 1617 3015; x_wconf 77' lang='grc' dir='ltr'><strong><em>πολλοῖς</em></strong></span> 
     </span>
    </p>
   </div>
  </div>
 </body>
</html>
