1981 3255
366 144 448 185 480
752 143 1012 188 LYCURGI
1045 145 1407 190 ORATIONUM

365 257 528 295 Causam
559 258 656 295 enim
689 261 917 307 certaminis,
952 275 1064 312 quam
1091 262 1276 301 Dinarch.
1309 277 1345 302 c.
1374 265 1539 313 Aristog.
1568 276 1606 314 p.
1635 268 1698 302 83.
1728 263 1790 303 ed.

365 317 494 355 Reisk.
514 317 662 365 ἔνδειξιν
680 321 861 370 appellat,
875 328 1026 360 enarrat
1043 323 1226 362 Libanius
1241 325 1429 364 Summar.
1444 326 1571 363 Oratt.
1591 325 1790 363 Demosth.

364 394 450 431 quae
466 382 576 432 vulgo
591 382 776 429 feruntur,
792 391 926 422 contra
942 384 1142 434 Aristogit.
1164 386 1251 423 Vol.
1268 386 1299 424 Ι.
1319 400 1357 437 p.
1373 390 1462 427 767.
1480 399 1566 436 sqq.
1582 386 1642 423 ed.
1660 385 1790 425 Reisk.

365 503 476 542 Orat.
492 505 522 541 1.
544 509 687 554 p.770.
707 509 796 546 ⁹773.
818 509 907 546 781.
924 510 1013 545 799.
1034 505 1139 545 etII.
1159 513 1308 545 auctor.
1328 521 1366 557 p.
1387 512 1476 546 805.
1498 508 1522 545 l.
1546 512 1606 546 12.
1623 510 1709 554 —).
1740 507 1790 544 Et

363 578 450 602 mox
484 566 750 603 Demosthenis
783 566 1011 604 Orationum
1045 566 1214 613 formam,
1249 567 1531 606 dissimillimam
1564 575 1788 606 caeterarum

364 627 590 665 Orationum
607 628 724 677 ipsius
745 627 948 665 sorensium
968 628 1205 674 defensurus,
1221 629 1350 666 nescio
1367 642 1480 678 quam
1497 643 1584 667 vere
1601 636 1640 668 et
1658 630 1786 674 docte,

363 687 493 726 addit:
522 688 584 726 τὸν
601 688 758 739 ‘Pin-opu
777 690 922 741 τοιούτῳ
940 697 1145 740 χαρακτῆρι
1164 689 1375 741 κεχρῆσθαι,
1394 692 1611 736 ζηλώσαντα
1622 691 1787 740 Λυκοῦρ-

364 764 434 796 γον
455 749 709 799 εὐδοκιμοῦντα
730 752 831 800 παρὰ
848 756 926 792 τοῖς
943 753 1168 797 Ἀθηναίοις.
1223 750 1272 789 Οἱ
1297 750 1333 788 δὲ
1351 753 1453 803 φασὶ,
1472 751 1593 796 ἐπειδὴ
1616 752 1679 789 τὸν
1698 754 1789 788 κατὰ

363 817 425 854 τῆς
450 812 594 855 ἡλικίας
620 813 755 860 χρόνον
778 813 827 853 εἰς
852 814 919 857 τὴν
944 813 1200 863 πρωτολογὶαν
1226 811 1341 860 ἔλαβε
1361 812 1589 862 Λυκοῦργος,
1616 813 1674 850 καὶ
1699 818 1790 850 πᾶσι

361 877 437 913 τοῖς
467 875 678 924 κεφαλαίοις
709 874 819 916 αὑτὸς
849 874 1048 925 ἐχρήσατο,
1079 875 1098 911 ὁ
1126 874 1367 925 Δημοσθένης
1399 873 1633 923 ἠναγκάσθη,
1661 874 1792 912 λοιπὸν

360 935 650 985 φιλοσοφώτερον
674 933 876 985 μετελθεῖν,
897 936 955 972 καὶ
981 934 1202 986 περιοδικῶς.
1259 935 1400 972 Eadem
1430 934 1507 972 fere
1527 935 1691 985 Gregor.
1715 934 1792 972 Co-

361 993 476 1031 rinth.
496 994 545 1031 ad
560 995 741 1045 Harmog.
763 1008 802 1045 p.
823 998 914 1034 945.
937 1009 1023 1045 sqq.
1045 995 1132 1033 Vol.
1149 996 1242 1034 XII.
1259 996 1348 1034 Orr.
1367 995 1427 1033 ed.
1442 995 1573 1034 Reisk.
1605 995 1792 1045 Aristogi-

361 1060 488 1092 tonem
515 1068 621 1101 vero,
655 1057 874 1105 Oratorem,
902 1056 1093 1094 hominem
1123 1057 1437 1107 perditissimum,
1465 1058 1586 1107 probe
1616 1057 1791 1094 novimus

360 1120 442 1153 tum
468 1130 514 1154 ex
541 1117 625 1155 istis
650 1117 900 1155 Demostheni
926 1118 1127 1168 adscriptis
1152 1117 1413 1165 Orationibus,
1432 1125 1510 1156 tum
1537 1132 1582 1155 ex
1603 1117 1791 1156 Oratione

360 1177 563 1226 superstite
590 1178 776 1216 Dinarchi
803 1179 963 1217 eundem
994 1178 1220 1217 accusantis.
1277 1179 1376 1222 Quae
1402 1180 1450 1217 ad
1481 1192 1566 1216 eum
1596 1179 1790 1228 pertinent

359 1238 445 1276 loca
465 1240 571 1278 Vett.
591 1240 747 1289 collegit
766 1241 922 1291 Taylor.
948 1242 995 1278 ad
1018 1241 1218 1278 Demosth.
1241 1240 1488 1290 Aristogiton.
1543 1241 1599 1278 Ex
1622 1242 1787 1278 secunda

360 1311 489 1336 earum
511 1301 581 1338 Or.
609 1313 648 1350 p.
675 1305 764 1340 803.
788 1301 813 1338 l.
835 1305 898 1340 26.
920 1301 1116 1346 discimus,
1141 1302 1237 1338 hanc
1261 1314 1415 1339 causam
1441 1307 1565 1338 actam
1589 1314 1673 1338 esse
1700 1307 1787 1350 post

360 1359 516 1411 Olymp.
539 1361 625 1399 CX.
646 1365 684 1399 3.
706 1369 744 1399 et
764 1362 800 1399 in
820 1375 863 1400 ea
880 1363 1094 1413 Lycurgum
1114 1362 1260 1408 vicisse,
1277 1362 1416 1400 diserte
1436 1361 1549 1400 tradit
1569 1361 1786 1398 Dinarchus

358 1421 382 1459 l.
404 1435 519 1473 supra
540 1423 566 1460 l.

408 1484 634 1535 Ἀγραφίου]
664 1497 709 1521 ex
732 1485 919 1534 Harpocr.
939 1491 978 1522 et
999 1484 1117 1522 Suida
1137 1498 1171 1522 v.

407 1543 574 1593 Ἡλικία]
603 1558 649 1582 ex
670 1545 788 1594 Harp.
811 1558 881 1595 pro
900 1546 932 1583 οἱ
951 1547 1037 1583 νέοι.

407 1606 606 1658 Μητρῷον]
634 1619 680 1643 ex
701 1606 822 1656 Harp.
843 1613 880 1644 et
901 1606 1016 1645 Suida
1039 1620 1073 1644 v.

400 1668 600 1718 '‘Opvypa]
628 1681 674 1705 ex
694 1669 813 1718 Harp.
834 1656 836 1663 l

407 1728 601 1778 Τρίγωνον
621 1728 868 1778 δικαστήριον]
898 1743 942 1766 ex
963 1728 1050 1766 eod.
1072 1742 1105 1766 v.

408 1789 661 1838 Χιλιωὲέντα]
690 1803 735 1827 ex
756 1790 876 1840 Harp.
896 1797 931 1827 et
954 1789 1068 1827 Suida
1087 1803 1169 1827 voc.

410 1849 698 1903 Ψευέεγγραφὴ]
728 1865 773 1888 ex
794 1851 913 1901 Harp.

1047 1938 1091 1976 Β.

818 2023 934 2060 KAT'
963 2023 1342 2073 ΑΥΤΟΚΛΕΟΥΣ.

412 2102 630 2147 Nescimus,
656 2115 701 2139 an
722 2102 906 2139 Autocles
935 2101 1045 2140 fuerit
1071 2103 1285 2151 Imperator
1310 2101 1371 2138 ille
1398 2101 1698 2147 Atheniensium,
1721 2105 1787 2154 qui

358 2165 394 2201 in
419 2163 582 2201 Thracia
606 2164 700 2201 male
727 2176 766 2201 re
794 2170 912 2213 gesta,
940 2164 1099 2201 Athenis
1121 2164 1288 2214 ἐκρίνετο,
1316 2170 1356 2200 ut
1385 2171 1510 2200 narrat
1532 2163 1732 2201 Demosth.
1753 2179 1787 2202 c.

360 2226 540 2263 Aristocr.
566 2238 603 2275 p.
625 2229 715 2263 655.
745 2225 769 2261 l.
798 2231 836 2264 9.
865 2226 928 2275 qui
958 2226 1056 2262 idem
1084 2233 1282 2262 accusatus
1309 2225 1450 2263 dicitur
1475 2226 1524 2263 ab
1548 2227 1789 2275 Apollodoro

362 2285 471 2322 Dein.
492 2299 560 2336 pro
582 2286 735 2323 Phorm.
757 2299 796 2336 p.
818 2289 907 2325 691.
928 2287 952 2325 l.
975 2290 1013 2323 1.
1040 2300 1086 2323 an
1112 2286 1222 2324 fuerit
1244 2287 1397 2330 Orator,
1422 2286 1715 2324 Strombichidae
1736 2283 1787 2324 fil'.

360 2346 407 2383 de
428 2360 502 2394 quo
522 2348 597 2398 egit
620 2348 822 2385 Ruhnken.
844 2349 947 2387 Hist.
968 2348 1062 2385 Crit.
1082 2347 1192 2386 Orat.
1208 2349 1279 2384 Gr.
1300 2361 1337 2397 p.
1358 2352 1448 2386 139.
1469 2348 1530 2385 ed.
1552 2348 1681 2385 Reisk.
1720 2349 1790 2398 Ly-

360 2408 466 2456 curgi
491 2408 586 2445 hanc
606 2410 675 2446 Or.
698 2409 834 2446 Suidas
855 2409 984 2446 laudat
1004 2422 1087 2446 voc.
1108 2407 1332 2457 μηλόβοτος,
1355 2408 1458 2458 quod
1481 2421 1568 2445 vero
1589 2421 1673 2445 voc.
1694 2414 1732 2444 et
1749 2408 1785 2445 in

362 2467 569 2505 Leocratea
592 2471 761 2507 occurrit
786 2484 820 2507 c.
843 2474 906 2508 36.
944 2470 1066 2520 Igitur
1093 2470 1191 2506 haud
1223 2470 1316 2515 scio,
1337 2482 1384 2506 an
1411 2481 1537 2506 errore
1558 2469 1787 2519 Lexicogra-

361 2529 458 2578 phus
482 2530 623 2567 Nostro
650 2531 895 2581 adscripserit
921 2532 1158 2577 Orationem,
1185 2543 1297 2581 quam
1324 2536 1455 2568 contra
1477 2530 1731 2579 Harpocratio
1751 2544 1785 2567 v.

358 2588 447 2637 ἔργα
469 2594 558 2627 νέων
578 2598 613 2628 et
638 2591 776 2637 Εὔηνος
798 2592 937 2629 diserte
958 2591 1142 2642 Hyperidi
1167 2591 1311 2628 tribuit.

1048 2692 1092 2730 Γ.

515 2777 631 2814 KAT'
659 2776 998 2823 ΑΥΤΟΛΥΚΟΥ
1025 2776 1135 2815 ΤΟΥ
1163 2775 1619 2821 ΑΡΕΟΠΑΓΙΤΙΚΟΥ.

409 2855 524 2892 Teste
555 2855 746 2905 Harpocr.
778 2867 861 2891 voc.
894 2857 1103 2896 Αὐτόλυκος
1133 2853 1161 2889 is
1191 2859 1270 2890 erat
1302 2853 1432 2890 titulus
1464 2849 1673 2898 Orationis,
1710 2866 1783 2903 qua

360 2917 556 2966 Lycurgus
573 2916 817 2966 Autolycum,
836 2922 920 2964 post
944 2915 1111 2965 praelium
1126 2914 1172 2952 ad
1188 2914 1438 2952 Chaeroneam
1456 2913 1552 2952 filios
1572 2920 1606 2951 et
1629 2927 1782 2952 uxorem
