1981 3255
304 200 385 240 380
805 198 858 237 A.
885 197 939 238 G.
964 194 1229 236 BECKERI

305 317 476 360 superat;
508 323 616 357 quam
645 309 842 347 mirificam
870 308 1130 359 dispositionis
1159 307 1424 351 inventionem,
1450 305 1660 355 praesertim
1691 305 1727 341 in

305 371 388 420 ejus
414 371 662 408 Orationibus
682 371 943 420 judicialibus,
970 370 1144 419 quisque,
1173 369 1238 418 qui
1267 368 1464 417 diligenter
1489 367 1572 416 ejus
1598 378 1729 404 causas

307 432 574 482 exploraverit,
595 431 870 468 admirabitur.'·'

362 493 458 536 Quae
478 488 636 530 artificia
659 493 850 542 Lycurgus
871 491 927 526 vel
947 489 1142 538 ignoravit,
1166 489 1224 525 vel
1243 487 1487 537 contempsit.
1535 487 1581 523 Et
1602 486 1637 522 in
1660 485 1731 522 hac

307 554 524 604 gravissima
546 553 742 590 Leocratis
761 550 1002 588 accusatione
1025 549 1200 598 judicum
1226 549 1370 585 animos
1389 548 1435 584 ad
1457 561 1559 584 suain
1581 553 1730 584 senten-

308 615 397 652 tiam
417 614 632 665 pertrahere
651 612 817 662 speravit
836 611 869 647 vi
891 610 1069 654 veritatis,
1089 622 1200 646 sensu
1220 608 1328 653 recti,
1350 614 1387 646 et
1403 607 1597 645 Orationis
1610 605 1731 655 gravi-

307 682 397 712 tate.
453 674 664 724 Integritati
686 674 770 709 vitae
791 677 829 709 et
847 670 1079 716 auctoritati,
1094 683 1167 720 qna
1188 670 1225 706 in
1246 669 1399 706 civitate
1416 667 1621 714 fruebatur,
1640 678 1730 704 con-

308 735 448 781 fidens,
468 735 580 783 hujus
601 745 726 771 causae
748 732 959 781 periculum
980 731 1161 780 suscepit.

361 796 436 834 Sed
458 796 587 845 paucis
609 794 686 831 litis
706 793 945 830 occasionem
966 791 1257 829 declarabimus.

362 857 577 900 Leocrates,
592 855 685 892 civis
700 854 956 897 Atheniensis,
971 852 1175 902 opulentus
1187 858 1225 888 et
1242 850 1407 895 illustris,
1419 855 1529 900 patre
1545 849 1730 886 honestis-

308 918 403 954 simo
420 923 530 954 natus
550 918 599 966 (c.
615 915 709 962 35.)‚
730 914 854 951 statim
878 920 964 963 post
991 925 1154 962 pugnam
1181 912 1227 948 ad
1255 911 1504 949 Chaeroneam
1531 909 1733 947 infeliciter

307 985 465 1027 gestam,
484 978 518 1014 in
541 989 617 1025 qua
633 979 714 1013 sine
735 975 851 1013 dubio
871 976 951 1023 ipse
972 987 1057 1011 cum
1078 972 1228 1010 caeteris
1248 978 1482 1022 pugnaverat
1496 970 1653 1013 civibus,
1669 982 1732 1006 ca-

306 1039 475 1075 lamitate
503 1037 742 1087 Reipublicae
768 1036 1002 1087 perterritus,
1023 1034 1183 1084 ejusque
1209 1033 1320 1070 saluti
1345 1032 1536 1078 diffidens,
1563 1032 1733 1069 Athenas

306 1099 517 1148 relinquere
536 1098 745 1135 constituit.
803 1096 948 1133 Navem
976 1096 1088 1145 igitur
1114 1108 1134 1132 e
1161 1101 1272 1144 portu
1286 1093 1367 1142 jam
1390 1099 1590 1130 exeuntem
1616 1098 1733 1129 noctu

306 1159 545 1204 conscendit,
565 1160 758 1209 rebusque
788 1158 863 1195 suis
888 1158 984 1195 clam
1011 1157 1046 1193 in
1067 1168 1150 1194 eam
1169 1155 1414 1204 comportatis
1435 1153 1612 1192 Rhodum
1632 1152 1734 1190 navi-

307 1223 422 1271 gavit.
478 1222 567 1266 Hic,
588 1233 706 1270 quum
731 1218 874 1268 aliquid
905 1218 1083 1267 temporis
1106 1223 1362 1255 commoratus
1382 1222 1493 1259 esset,
1516 1214 1678 1251 reditum
1698 1212 1735 1249 in

306 1282 467 1331 patriam
501 1281 653 1325 veritus,
686 1281 841 1328 Megara
874 1291 913 1315 se
945 1277 1121 1315 contulit.
1178 1276 1221 1312 In
1254 1288 1297 1312 ea
1330 1275 1496 1318 civitate,
1531 1279 1735 1322 postquam

307 1342 468 1380 Athenis
496 1342 665 1385 domum,
686 1353 830 1384 servos,
852 1345 1085 1388 caeterasque
1113 1337 1372 1387 possessiones
1402 1334 1639 1378 vendiderat,
1671 1347 1736 1370 sex

306 1415 424 1440 annos
462 1403 567 1439 vixit.
624 1400 797 1438 Tandem
829 1406 965 1437 octavo
997 1400 1034 1435 in
1070 1398 1226 1447 patriam
1261 1396 1373 1433 rediit
1410 1408 1520 1440 anno,
1559 1395 1635 1431 sive
1668 1405 1737 1443 spe

306 1463 459 1509 ductus,
479 1463 576 1507 sore,
599 1467 638 1500 ut
661 1474 768 1499 nemo
789 1460 1012 1498 recordetur
1032 1458 1132 1507 fugae
1154 1470 1251 1495 suae:
1283 1457 1372 1500 sive,
1390 1455 1492 1505 quod
1515 1455 1631 1504 magis
1651 1467 1737 1504 pro-

308 1525 433 1563 babile
453 1530 525 1570 est,
539 1523 657 1560 fretus
678 1522 902 1560 auctoritate
918 1532 1047 1557 eorum
1068 1518 1220 1563 civium,
1242 1517 1307 1566 qui
1327 1523 1419 1561 tum,
1440 1527 1559 1565 quum
1579 1515 1736 1552 absente

306 1585 530 1631 Alexandro
557 1584 759 1634 Antipater
786 1583 1014 1619 Graecorum
1044 1592 1100 1616 res
1132 1578 1425 1621 administraret,
1457 1574 1738 1612 Macedonibus

306 1646 516 1684 favebant.³
569 1644 645 1682 Sed
665 1643 809 1681 exstitit
830 1643 1039 1692 LycurguS,
1065 1645 1104 1677 et
1129 1639 1284 1687 quidem
1311 1637 1427 1682 solus,
1454 1635 1519 1685 qui
1545 1647 1629 1672 eum
1657 1635 1737 1672 sine

306 1720 431 1744 causae
453 1694 782 1754 'subscriptoribus
809 1701 1030 1739 accusabat:
1068 1699 1130 1736 ille
1158 1712 1246 1736 vero
1275 1698 1311 1734 in
1341 1698 1411 1734 hac
1442 1708 1556 1734 causa
1583 1695 1736 1744 capitali

304 1772 489 1817 patronos
510 1767 670 1803 illustres
691 1770 826 1801 nactus
846 1769 903 1799 est
923 1769 962 1798 et
981 1767 1158 1811 potentes
1178 1762 1229 1807 (c.
1248 1762 1341 1806 35.)‚
1361 1758 1426 1808 qui
1449 1770 1552 1795 reum
1571 1758 1737 1806 graviter

305 1827 576 1872 defendebant,
602 1837 839 1875 quorumque
865 1822 1019 1868 auxilio,
1043 1822 1108 1858 sed
1134 1833 1250 1870 aegre,
1269 1825 1309 1856 ut
1336 1819 1515 1864 videtur,⁴
1539 1818 1737 1855 absolutus

304 1894 374 1926 est.
431 1888 506 1924 Hic
533 1892 658 1923 autem
685 1884 739 1922 rei
765 1889 920 1921 eventus
949 1884 1097 1932 signum
1122 1887 1181 1918 est
1206 1881 1453 1918 clarissimum
1482 1891 1629 1916 morum
1655 1891 1738 1916 cor-

305 1949 492 1998 ruptionis
515 1947 553 1984 in
573 1947 724 1984 civitate
746 1944 1052 1988 Atheniensium,
1075 1955 1159 1992 quae
1181 1942 1278 1978 intra
1299 1941 1441 1990 paucos
1460 1953 1580 1977 annos
1601 1940 1735 1976 mirum

304 2010 342 2047 in
358 2010 513 2046 modum
535 2013 730 2045 creverat:
761 2018 847 2043 nam
867 2004 982 2054 paulo
1000 2011 1087 2040 ante
1107 2002 1220 2048 cives,
1247 2002 1311 2051 qui
1338 2000 1454 2038 nostri
1476 2000 1615 2037 similes
1639 2005 1736 2037 tem-

305 2084 398 2121 pore
419 2070 491 2108 isto
511 2068 734 2107 calamitoso
750 2067 880 2104 urbem
897 2065 1153 2109 deseruerant,
1167 2061 1336 2105 retracti,
1358 2074 1378 2098 a
1392 2061 1593 2110 judicibus
1612 2060 1740 2111 prodi-

304 2132 451 2169 titionis
480 2129 660 2174 damnati,
691 2135 729 2165 et
760 2133 878 2164 morte
911 2131 1020 2163 erant
1054 2123 1237 2162 mulctati.
1294 2123 1391 2166 Quae
1424 2122 1579 2172 quidem
1612 2121 1738 2159 omnia

305 2198 414 2229 tanto
433 2190 617 2228 cariorem
639 2188 749 2226 nobis
768 2188 912 2225 faciunt
932 2187 1155 2223 Orationem
1178 2185 1279 2226 senis
1301 2185 1453 2233 optimi:
1484 2191 1542 2222 est
1560 2185 1659 2222 enim
1681 2185 1738 2222 ul—

306 2253 396 2291 tima
415 2253 494 2290 sere
515 2251 696 2295 om-nium,
715 2262 800 2300 quae
821 2254 1025 2298 supersunt
1039 2260 1060 2284 e
1074 2247 1227 2284 civitate
1248 2246 1537 2283 Atheniensium
1552 2245 1684 2291 libera,
1700 2246 1737 2283 in

308 2326 383 2363 qua
416 2325 547 2349 vocem
578 2311 749 2348 audimus
780 2309 845 2346 viri
879 2307 1122 2357 integerrimi,
1154 2306 1292 2343 civium
1326 2307 1472 2343 animos
1503 2306 1551 2343 ad
1585 2319 1736 2344 sensum

307 2374 400 2411 recti
421 2380 459 2410 et
479 2372 626 2410 honesti
646 2371 871 2420 erigentem;
900 2382 976 2419 quo
996 2381 1106 2406 sensu
1126 2374 1273 2405 retento
1289 2380 1346 2404 res
1361 2367 1513 2416 publica
1529 2368 1686 2414 servari,
1699 2375 1738 2406 et

308 2447 329 2471 e
355 2433 646 2477 calamitatibus,
673 2431 810 2481 quibus
837 2435 918 2467 erat
942 2429 1136 2479 depressa,
1164 2427 1292 2465 denuo
1319 2440 1508 2477 emergere
1534 2428 1735 2476 potuisset.

310 2495 390 2531 Isto
409 2501 539 2531 contra
560 2493 686 2530 animo
707 2492 822 2541 magis
844 2491 1040 2540 magisque
1060 2495 1324 2535 evanescente,
1350 2495 1388 2525 et
1413 2488 1564 2537 penitus
1585 2489 1738 2526 demum

309 2552 667 2602 exstincto—quod
691 2553 762 2589 tale
778 2552 965 2602 judicium
985 2550 1034 2587 de
1056 2549 1232 2587 convicto
1252 2549 1386 2599 patriae
1406 2549 1599 2586 desertore
1620 2550 1737 2587 mani-

310 2615 407 2654 feste
428 2613 723 2665 prodit—haud
744 2613 906 2663 amplius
929 2612 1031 2650 cives
1048 2610 1322 2661 rempublicam
1345 2609 1499 2647 liberam
1519 2610 1616 2648 tueri
1637 2611 1737 2648 vale-

311 2678 414 2716 bant.

353 2786 365 2805 ²
381 2786 467 2816 Talia
488 2791 589 2816 monet
607 2786 686 2816 idem
708 2786 917 2824 Hermogenes
940 2788 1007 2815 lnv.
1044 2789 1090 2814 est
1106 2784 1212 2813 Oratio
1228 2784 1266 2813 de
1281 2784 1408 2813 Corona.

312 2830 377 2860 ΙΙΙ.
401 2833 431 2858 1.
454 2839 544 2867 super
572 2829 705 2858 oratione
735 2829 945 2858 Demosthenis
968 2828 1007 2857 de
1083 2826 1156 2856 ³Cs.
1183 2835 1250 2864 quae
1270 2826 1438 2855 monuimus
1460 2826 1489 2855 in
1516 2827 1673 2856 Demosth.
1697 2827 1741 2857 als

312 2872 387 2901 falsa
409 2871 576 2910 legatione,
601 2871 629 2900 in
653 2881 711 2908 qua
733 2871 941 2909 pra-scriptum
960 2881 1009 2899 or·
1041 2870 1229 2898 Sinaismann
1247 2879 1275 2897 u.
1294 2869 1415 2897 Redner
1432 2868 1458 2897 1.
1475 2879 1506 2908 p.
1523 2871 1595 2899 109.
1609 2878 1674 2907 sqq.

312 2913 414 2943 dinem
437 2924 453 2942 c
472 2913 598 2943 consilio
621 2913 779 2942 mutaverit
794 2913 1006 2942 callidissimus
1082 2913 1093 2931 ⁴
1110 2910 1246 2941 AEschin·
1280 2922 1308 2940 c.
1347 2910 1483 2949 Ctesiph.
1522 2923 1550 2951 p.
1585 2912 1657 2942 643.
1688 2912 1736 2941 cd.

313 2957 429 2986 Orator.
471 2957 535 2985 Nec
552 2955 648 2986 minus
665 2955 823 2985 artificiose
840 2955 1006 2993 composita
1040 2953 1145 2983 Reisk.
1748 2961 1752 2966 ·

1906 2272 1941 2522 ‚ob-k?-
