1981 3255
610 162 692 202 AD
728 161 943 203 PAGUM
977 160 1293 204 TRIOPIUM.

1589 165 1670 206 585

231 271 485 316 Hominibus
505 276 689 330 posteris
711 273 988 321 immobilem,
1011 280 1139 329 atque
1161 275 1447 317 inviolabilem

228 335 446 380 Futuram.
507 340 721 388 Quoniam
741 354 840 381 vero
862 338 945 395 ipsi
966 338 1191 380 immortali
1216 340 1356 393 capite

228 400 485 443 Horribilem
506 403 702 458 quatiens
726 403 900 444 cristam
922 402 1074 443 annuit
1095 400 1309 453 Minerva,

228 463 298 506 Ne
320 466 390 507 cui
410 467 539 508 liceat
559 468 733 523 impune
751 467 920 523 glebam
943 481 1086 517 unam,
1111 467 1176 508 vel
1198 481 1329 506 unum
1352 467 1537 521 lapidem

227 528 418 579 Movere,
436 546 617 587 namque
638 532 870 573 Parcarum
892 531 1005 572 haud
1026 531 1276 586 spernendae
1296 531 1591 581 necessitates,

228 593 274 634 Si
293 595 390 650 quis
408 595 584 637 deorum
604 597 792 638 delubris
811 596 1008 651 injuriam
1029 596 1235 636 intulerit.

224 675 238 695 ⁶
259 676 354 715 ἇτςεῖς
368 676 403 707 C.
421 677 452 706 S.
467 676 620 716 ἀτςείσσαν
635 679 671 708 Α.
685 678 753 717 ἄτες
771 677 840 707 εἶσιν
862 687 901 706 ex
917 678 994 714 conj.
1012 679 1046 707 C.
1062 678 1159 716 ἰιτςὶῖες
1173 688 1211 706 ex
1229 679 1306 715 conj.
1330 676 1361 705 S.
1379 676 1459 714 quod
1477 676 1612 714 sequitur
1627 677 1664 705 B.

268 729 280 748 ε
296 720 536 758 superscriptum
555 721 632 750 vidit
647 721 689 749 Η.

343 761 357 782 7
380 769 528 793 ΑΝΑΘΗΗ
545 764 582 793 L.
597 762 694 804 ἀναθῇη
710 763 746 792 C.
762 763 792 792 S.
810 763 848 792 A.
868 763 912 791 M.
930 761 1041 792 ἀναθείη
1059 772 1096 791 ex
1112 772 1191 791 corr.
1209 763 1241 791 S.
1258 772 1347 802 quern
1365 766 1486 790 secutus
1502 760 1540 790 B.

226 829 275 859 τοῦ
292 827 413 863 εὐκλέας·
426 828 532 867 ἐγένετο
542 829 614 859 κατ’
628 829 780 860 ἐωὲνθεστιν
794 831 842 859 τοῦ
861 843 868 859 ι
887 847 898 854 -

225 889 266 902 -,-
284 889 295 894 -
311 872 333 901 οἱ
355 870 383 901 δὲ
403 871 571 906 ἐκτείναντες
589 872 650 904 ἄνευ
668 873 749 910 λόγου
770 872 928 903 ἔνι-τείνουσι.

225 914 339 944 Vocem
352 925 446 955 porro
461 915 616 946 formatam
635 921 723 954 putat.
744 918 782 946 ab
803 916 927 954 antiquo

225 961 257 986 et
271 957 416 987 inusitato
434 959 526 987 verbo
542 957 624 997 τςέω,
639 959 791 998 quomodo
812 958 889 991 ἀδεὴς
911 969 928 987 a

223 1001 318 1029 verbo
334 998 384 1028 δέω
398 1001 540 1030 occurrit.
587 1002 640 1031 vir
655 1002 765 1031 doctus
781 1002 809 1030 in
828 1002 927 1040 Ephe-

224 1042 332 1081 merid.
357 1043 549 1081 Gottingens.
576 1045 653 1073 Anu.
681 1046 774 1075 1795.
797 1055 825 1074 n.
854 1046 925 1074 180.

224 1094 296 1124 pag.
314 1087 409 1116 1805.
423 1086 570 1115 adversus
585 1087 736 1116 Viscontii
752 1087 926 1126 opinionem

225 1128 361 1165 quaedam
380 1129 504 1163 monuit,
521 1129 745 1167 facilioremque
765 1130 926 1168 proposuit

220 1170 480 1208 'explicationem;
503 1171 580 1200 dicit
595 1171 674 1200 enim
690 1173 816 1201 formam
831 1172 926 1201 fuisse

224 1212 331 1248 εὐκλῆς,
350 1213 395 1242 sic
415 1213 507 1243 etiam
526 1214 620 1253 ἀτςῆς,
636 1232 679 1237 -
698 1213 748 1249 εὀς,
770 1232 811 1236 -
835 1214 874 1247 έες
896 1220 927 1243 et

223 1255 340 1293 ἇτςεῖες.
359 1255 539 1290 Eichstaedt,
556 1256 575 1285 l.
591 1256 612 1285 1.
634 1267 703 1295 pag.
724 1259 798 1286 487.
820 1257 927 1294 ἀτρεῖες

222 1296 304 1326 idem
324 1307 358 1326 ac
379 1296 479 1338 ἀτρῇες
500 1308 568 1327 esse
590 1298 726 1333 affirmat,
744 1309 811 1336 quae
834 1299 924 1328 lectio

222 1343 269 1368 est
282 1350 299 1369 a
312 1339 503 1369 Salmasioet
516 1340 649 1370 Brunkio
661 1341 793 1378 vulgata.
839 1341 924 1370 Bene

223 1391 344 1411 sensum
362 1383 446 1412 verbi
461 1383 613 1421 explicuit
630 1383 779 1418 Visconti,
794 1383 923 1412 monuit-

222 1425 376 1462 que·ideni
393 1431 460 1454 esse
478 1435 512 1454 ac
527 1425 641 1463 ἄφοβος,
658 1426 688 1454 in
713 1424 922 1455 Parmenionis

222 1466 401 1496 Macedonii
411 1467 648 1505 Epigrammate,
662 1467 777 1497 Brunk.
787 1468 922 1498 Analect.

220 1509 256 1539 T.
271 1505 319 1541 11'.
338 1519 407 1549 pag.
418 1513 497 1540 v⁰202.
512 1510 616 1539 VIII.

326 1584 340 1590 -
354 1587 367 1591 -
385 1587 394 1591 -
413 1585 424 1590 -
440 1570 528 1609 Μοῖρα.
542 1568 688 1609 νηπιάχοις
704 1568 822 1608 ἄφοβον.

219 1636 366 1674 Ἀνάγκαι,
374 1632 495 1666 minime
505 1641 571 1666 sunt
580 1637 763 1670 necessitates,
772 1636 921 1674 quomodo

221 1681 359 1719 Interpp,
377 1679 545 1713 credidere,
565 1680 619 1708 sed
641 1688 775 1709 aernmnae
796 1684 824 1706 et
845 1676 922 1717 affli-

220 1723 335 1753 ctiones.
358 1723 422 1752 vid.
440 1721 577 1760 AEschyl.
602 1722 689 1750 Pers.
712 1722 785 1750 583.
807 1721 921 1759 Hymn.

221 1765 348 1804 Orphio.
373 1765 402 1795 Ῑ.
430 1767 461 1796 9.
484 1764 628 1794 XXVII.
653 1765 683 1794 9.
709 1762 865 1792 LXVHI.
892 1764 922 1792 6.

221 1807 351 1839 Diodor..
368 1807 463 1838 Siout.
477 1808 513 1836 T.
530 1808 555 1836 1.
574 1806 642 1836 Lib.
660 1805 723 1835 ΙΙΙ.
746 1816 777 1844 p.
795 1808 870 1836 183.
892 1810 923 1835 et

223 1851 295 1880 Lib.
311 1851 367 1880 lV.
384 1861 414 1889 p.
431 1852 505 1881 287.
521 1849 571 1879 ubi
588 1849 652 1878 vid.
667 1849 801 1878 Wessel.

257 1892 311 1925 ’Ὀς
324 1903 354 1922 κε
369 1893 440 1922 θεῶν
457 1891 576 1922 ἐδέεο-σιν
600 1890 775 1930 ἀλιτροσύνην
790 1889 920 1930 ἀναθείη]

225 1935 368 1974 AEschyl.
385 1936 470 1965 Pers.
483 1937 557 1965 404.
582 1934 709 1962 Porson.

263 2010 392 2016 -----
413 1991 590 2031 ἐλευθεροῦτε
606 1991 636 2021 δὲ

221 2035 341 2070 Παῖδας,
357 2036 500 2073 γυναῖκας,
515 2034 538 2063 3
548 2037 603 2064 εῶν
618 2044 649 2063 τε
665 2033 797 2074 πατρῴων
812 2032 884 2068 ἕδη,

222 2077 316 2111 obstac
328 2088 360 2107 τε
375 2077 518 2117 προγόνων.

221 2136 364 2183 Sophocl'.
383 2144 455 2174 OEd.
471 2144 545 2182 Tyr.
561 2145 634 2174 885.

391 2219 520 2228 ·····
546 2201 604 2232 οὐδὲ

274 2278 276 2281 v
389 2245 523 2285 δαιμόνων
535 2244 593 2275 ἕδη
608 2243 710 2278 σέβων.

221 2312 413 2352 Lycophron,
429 2311 618 2348 Alexandra,
634 2314 708 2343 707.

302 2371 496 2412 Ὀςκωμᾶτους
511 2371 618 2411 ἔτευξεν
633 2371 766 2412 ἂφθίτοις
779 2371 845 2403 ἕδη.

219 2439 388 2478 Lycurgus,
416 2439 448 2469 in
473 2440 611 2470 Leocrat.
636 2450 706 2479 pag.
732 2440 805 2470 157.
839 2437 918 2478 Κςίνω

219 2481 360 2521 προδόντα
373 2481 466 2518 αὑτὸν,
482 2482 529 2511 καὶ
549 2484 612 2517 τοὺς
634 2484 707 2517 νεὼς,
722 2482 769 2511 καὶ
788 2483 827 2512 τὰ
849 2480 918 2517 ἕδη,

218 2523 266 2552 καὶ
294 2526 336 2561 τοὶ
363 2524 478 2564 τεμένη.
502 2525 603 2559 Philo,
630 2525 666 2555 Τ.
690 2525 735 2556 II.
758 2535 825 2564 pag.
843 2526 916 2554 314.

219 2563 366 2608 ἐπιφοιτᾷν
379 2568 427 2597 καὶ
443 2567 617 2608 ἐνδιατρίβειν
630 2568 690 2600 τοῖς
707 2566 832 2597 ἕδεα-ιν.
856 2567 917 2597 Ubi

220 2607 342 2638 minime
357 2610 560 2640 necessarium
579 2610 714 2650 Mangeii
731 2607 924 2638 additamenti.

219 2655 284 2680 tum
299 2652 386 2692 ἱεροῖς.
409 2653 479 2683 vide
503 2652 658 2689 Photium,
682 2652 828 2682 Bibliotii.
847 2661 917 2690 pag.

220 2694 315 2723 1069.
359 2693 482 2724 Latinos
505 2695 595 2725 etiam
619 2697 693 2725 sedes
716 2705 772 2734 pro
797 2694 917 2733 templis

221 2735 337 2772 dicere,
352 2737 502 2776 exemplis
517 2739 688 2773 ostendunt,
707 2736 862 2767 Drakenb.
879 2738 916 2767 ad

221 2777 277 2807 Sil.
293 2778 392 2808 Italic.
410 2779 481 2809 Lib.
496 2779 580 2810 XII.
596 2783 647 2812 48.
665 2787 695 2810 et
709 2779 863 2810 Burmann
880 2781 916 2809 ad

221 2819 316 2850 ovid.
334 2821 411 2850 Met.
440 2821 512 2852 Lib.
537 2823 582 2852 X.
608 2826 682 2854 229.
726 2823 793 2852 Non
818 2822 916 2852 minus

219 2860 393 2901 frequenter
407 2861 464 2898 ἕδος
486 2874 541 2902 pro
568 2869 666 2896 statua
683 2869 735 2896 aut
757 2865 916 2896 simulacro

219 2905 352 2943 ponitur,
376 2905 446 2936 vide
467 2907 543 2937 infra
567 2908 606 2937 ad
626 2909 673 2942 11.
696 2911 727 2939 2.
744 2925 786 2931 —-
799 2906 916 2939 ἀναθείη.

219 2946 272 2978 Sic
294 2948 455 2987 legendum
480 2959 546 2980 esse
565 2950 682 2984 erudite
708 2951 842 2982 ostendit
863 2951 916 2982 Vi-

916 846 928 851 ·
963 829 1070 858 sconti.
1106 829 1191 858 Male
1209 830 1237 858 in
1257 829 1357 867 lapide
1376 834 1534 858 ΑΝΑΘΗΗ.
1556 840 1570 858 η
1586 829 1663 858 enim

962 882 1016 910 pro
1033 883 1052 902 ει
1069 872 1239 910 saepissime
1255 872 1442 901 librariorum
1461 871 1662 910 sculptorum-

961 925 1020 953 que
1044 915 1170 944 incuria.
1214 914 1250 944 In
1266 915 1419 952 lapidibus
1435 913 1565 952 antiquis
1581 915 1662 952 apud

961 957 1146 996 Cayiusium,
1160 957 1287 986 Reeueil
1305 959 1358 986 des
1377 956 1561 995 Antiquitiaes,
1572 956 1662 987 T.11.

961 1001 1008 1029 ΡΙ.
1025 1000 1116 1030 LIX.
1128 1000 1147 1029 1.
1160 1002 1190 1029 6.
1214 1006 1382 1030 ANAPHAN
1399 1010 1455 1038 pro
1474 1003 1659 1029 ΑΝΔΡΕΙΑΝ.

960 1042 996 1072 In
1021 1043 1159 1072 omnibus
1182 1044 1220 1071 ab
1248 1043 1366 1080 Alpheo
1397 1042 1511 1071 artifice
1533 1041 1662 1079 sculptis

961 1085 1086 1123 gemmis
1098 1085 1250 1114 invenitur
1265 1090 1410 1115 ΑΛΦΗΟΣ
1423 1095 1476 1124 pro
1493 1089 1661 1114 ΑΛΦΕΙΟΣ.

960 1128 996 1157 In
1023 1128 1151 1158 nummis
1171 1138 1291 1166 quoque
1318 1138 1374 1156 nou
1399 1137 1467 1156 raro
1491 1132 1661 1156 ΚΑΒΗΡΩΝ

959 1170 1070 1209 legitur
1084 1181 1139 1210 pso
1155 1176 1348 1200 ΚΑΒΕΙΡΩΝ.
1390 1170 1471 1199 Vide
1487 1179 1555 1208 quae
1568 1179 1662 1208 supra

959 1214 1072 1243 monui.
1115 1213 1218 1243 Litera
1243 1225 1257 1242 n
1281 1223 1335 1251 pro
1358 1223 1366 1240 ι
1392 1212 1502 1250 smpius
1528 1213 1558 1241 in
1584 1212 1661 1241 anti-

959 1266 1084 1293 quorum
1107 1255 1230 1294 scriptis
1246 1256 1391 1285 occurrit.
1426 1257 1525 1284 Pauca
1539 1264 1556 1283 a
1573 1255 1658 1284 nobis

959 1300 1118 1327 observata
1128 1299 1284 1327 addemus.
1301 1298 1455 1327 Lamffitur
1465 1297 1656 1326 abAthenaeo

960 1340 1029 1369 Lib.
1047 1341 1142 1370 XIV.
1164 1351 1234 1378 pag.
1250 1343 1322 1371 636.
1340 1340 1382 1368 D.
1405 1341 1578 1370 lacunosum
1602 1339 1658 1368 ini-

957 1382 1032 1412 tium
1055 1382 1173 1412 Cantici
1207 1383 1236 1412 in
1269 1380 1394 1412 Dianam
1427 1381 1657 1421 corruptissime

957 1425 1009 1453 tali
1024 1426 1130 1454 modo:
1151 1423 1274 1464 ’Ἄρτεμι
1288 1423 1330 1454 σοί
1344 1423 1383 1461 μέ
1401 1435 1431 1453 τι
1450 1425 1515 1462 φξῆν
1530 1423 1576 1463 ἐφ’
1589 1422 1658 1462 ἥμε-

955 1479 995 1505 ξον
1017 1466 1096 1507 ὕμνον
1112 1467 1177 1496 ἴέναι
1194 1477 1238 1501 τε,
1252 1466 1314 1495 ὅθεν
1334 1465 1384 1506 ᾳῗδὲ
1404 1478 1448 1499 τις
1463 1468 1541 1496 ἀλλὰ
1553 1476 1658 1506 χξυσο-

957 1508 1040 1547 φοινία
1054 1508 1204 1549 κξὲμζαλα
1219 1509 1412 1550 χαλκοπάραα
1421 1509 1519 1549 χεξσῖν
1533 1526 1545 1530 -
1563 1527 1574 1531 -
1592 1526 1602 1530 -
1620 1526 1633 1531 -
1646 1525 1658 1531 -

957 1553 1058 1580 Locus
1071 1553 1100 1580 in
1118 1553 1173 1580 fine
1188 1552 1324 1585 mutilus,
1347 1552 1389 1580 ita
1405 1552 1482 1580 forte
1497 1551 1656 1580 emendan-

956 1594 1013 1622 dus
1038 1599 1069 1623 et
1090 1594 1280 1632 explendus:
1301 1591 1424 1631 ’Ἄρτεμί
1447 1592 1491 1621 σοί
1512 1592 1550 1630 μ’
1571 1592 1656 1622 ἔστι

956 1638 1020 1676 φρὴν
1034 1636 1202 1676 ἐφίμερον
1224 1635 1304 1674 ὕμνον
1324 1635 1400 1669 ἱέναι,
1423 1633 1485 1668 ἕως
1499 1635 1578 1663 ἄλλά
1602 1646 1658 1670 τις,

955 1678 1172 1720 χρυσοφαὲοι
1188 1676 1338 1717 κρέμέαλα
1353 1679 1548 1718 χαλκοπάραα
1560 1677 1659 1718 χεξσῖν

956 1721 1102 1761 ἔχουσα,
1119 1722 1232 1761 ἰάχει.
1256 1721 1307 1750 Sic
1318 1721 1468 1760 probabili
1484 1721 1657 1749 restituisse

956 1764 1028 1793 mihi
1044 1764 1149 1793 videor
1171 1764 1268 1792 locum
1285 1763 1469 1800 conjectura,
1489 1773 1654 1801 quanquam

957 1807 1031 1841 scio,
1047 1807 1141 1836 satius
1156 1816 1225 1836 esse
1238 1806 1266 1835 in
1278 1811 1336 1835 tarn
1349 1806 1500 1845 corruptis
1509 1806 1656 1844 fragmen-

957 1850 995 1878 tis
1020 1849 1091 1878 nihil
1108 1852 1233 1884 tentare,
1260 1859 1346 1886 quam
1371 1849 1481 1877 frustra
1504 1848 1655 1877 hariolari.

955 1890 1134 1930 -ἒφίμερος
1170 1890 1264 1929 ὕμνος,
1300 1895 1347 1920 est
1379 1900 1493 1920 carmen
1518 1891 1654 1919 amabile.

955 1934 1109 1963 Theocrit.
1128 1934 1176 1963 Id.
1194 1934 1222 1962 Ι.
1239 1935 1291 1963 62.
1314 1933 1361 1962 τὸν
1384 1931 1550 1972 ἐφίμερον
1573 1931 1655 1970 ὕμνον

955 1975 1057 2016 ἀείσῃς.
1095 1977 1157 2006 Ubi
1177 1978 1246 2015 jure
1274 1975 1442 2012 rejicienda
1472 1975 1594 2003 Heinsii
1623 1979 1654 2003 et

956 2019 1150 2048 Valkenaerii
1175 2018 1356 2048 emendatio.
1382 2017 1426 2046 τὸν
1456 2015 1515 2055 ἐφ’
1547 2017 1655 2056 ῖμεςᾲ·

955 2059 1035 2099 ὕμνον
1048 2061 1150 2102 ἀείσῃς.
1175 2060 1332 2090 Hesiodus
1345 2065 1396 2089 aut
1406 2058 1560 2097 Theognis
1570 2059 1652 2098 apud

955 2105 1143 2138 Athenaeum,
1161 2104 1226 2133 Lib.
1246 2103 1320 2132 VII.
1337 2112 1407 2141 pag.
1422 2104 1496 2132 310.
1508 2105 1543 2131 Α.

957 2160 1016 2191 Εἶτ’
1029 2161 1066 2192 εἴη
1077 2160 1106 2190 c'
1119 2159 1273 2200 Ἀκάδημε,
1285 2160 1447 2201 ἐφίμερον
1463 2159 1545 2198 ὕμνον
1559 2159 1654 2190 ἀείδειν

996 2201 1086 2234 ἆθλον
1100 2203 1123 2233 δ’
1137 2203 1163 2234 ἐν
1174 2203 1278 2243 μέσα-ῳ
1290 2205 1360 2236 παῖς
1374 2202 1457 2237 καλὸς
1470 2202 1553 2236 ἄνθος
1569 2202 1652 2243 ἔχων.

955 2269 1138 2309 Apollonius
1154 2267 1254 2300 mma.
1271 2270 1548 2305 Ι,ῑι,.1ν.1399.ν
1604 2304 1607 2305 ⁷
1648 2260 1651 2263 ’

1055 2346 1067 2351 -
1084 2346 1096 2352 -
1117 2328 1196 2368 ἀμφὶ
1213 2328 1241 2359 δὲ
1254 2328 1371 2367 Νύμφαι

995 2370 1149 2410 Ἐσπεςίδες
1163 2370 1288 2401 ποίπνυον
1302 2369 1312 2400 ἐ
1324 2369 1411 2409 φίμε
1420 2381 1432 2409 g
1441 2380 1470 2398 ον
1484 2367 1631 2399 ἀείδουσαι.

954 2435 1079 2465 Alcman
1093 2435 1171 2475 apud
1187 2434 1349 2473 Hephaest.
1364 2443 1394 2472 p.
1407 2434 1460 2463 22.

1066 2516 1079 2523 -
1097 2517 1108 2522 -
1124 2517 1136 2522 -
1159 2498 1212 2529 ἐπὶ
1229 2498 1252 2529 δ’
1273 2497 1398 2538 ἴμεξόν

1037 2541 1117 2582 ὕμνον
1131 2542 1179 2572 καὶ
1192 2541 1328 2583 χαρίεντα.
1343 2541 1420 2571 τίθει
1432 2539 1518 2582 χορόν,

953 2607 1104 2649 Ἐφῆμεςος
1126 2618 1181 2648 pro
1208 2606 1334 2648 ἔφίμεξος
1352 2608 1508 2646 legebatur
1531 2614 1649 2643 quoque

952 2651 983 2680 iu
998 2651 1179 2690 Sophocleis
1195 2651 1273 2690 apud
1291 2651 1443 2680 Stobaeum
1455 2649 1515 2677 Tit.
1529 2646 1649 2677 LXIV.

953 2703 1023 2733 pag.
1038 2695 1112 2726 263.
1126 2694 1190 2724 vid.
1211 2694 1323 2724 Heath.
1339 2694 1500 2723 Observat.
1520 2690 1550 2719 in
1575 2690 1648 2719 'Pra-

954 2736 1012 2773 gic.
1044 2746 1114 2776 pag.
1144 2738 1197 2768 96.
1236 2741 1279 2766 et·
1297 2734 1415 2765 Brunk.
1443 2733 1471 2762 in
1501 2732 1647 2772 Sophocl.

953 2780 1080 2818 Fragm.
1092 2780 1128 2809 T.
1141 2778 1188 2809 II.
1200 2790 1268 2818 pag.
1290 2782 1341 2808 11.
1359 2778 1406 2806 ed.
1421 2778 1452 2805 4.
1477 2775 1551 2810 ἱέναι,
1570 2774 1647 2804 bene

953 2832 985 2851 se
1001 2823 1099 2858 habet,
1116 2827 1145 2852 et
1165 2823 1203 2851 de
1228 2826 1314 2851 cantu
1337 2819 1518 2859 optimorum
1544 2820 1648 2855 poeta-

952 2874 1017 2896 rum
1040 2864 1218 2895 auctoritate
1236 2863 1370 2903 ponitur.
1415 2859 1578 2898 Inscriptio
1594 2868 1646 2888 au-

953 2907 1047 2945 tiqua,
1061 2907 1186 2938 Athenis
1202 2911 1324 2946 reperta
1337 2914 1389 2944 ap.
1404 2903 1556 2942 Sponium,
1571 2901 1646 2932 ltin.

952 2949 989 2979 T.
1001 2950 1047 2981 11.
1062 2960 1130 2991 pag.
1141 2951 1216 2981 249.
1356 2947 1359 2953 ’
