1981 3255
335 137 420 180 486
502 137 767 181 LYCURGI
800 137 1177 182 ORATIONUM
1209 136 1600 181 FRAGMENTA.

387 252 462 290 His
489 252 713 304 deperditis,
742 255 772 292 si
799 267 1022 294 annumeras
1051 256 1296 294 Leocrateam
1326 255 1584 306 superstitem,
1605 253 1765 293 omnino

335 312 434 352 XIX
464 313 630 365 Lycurgi
657 315 864 355 Orationes
891 316 1094 355 laudantur
1125 317 1162 354 iu
1190 317 1342 368 scriptis
1368 317 1571 355 Veterum:
1601 323 1640 354 at
1670 323 1766 354 nona

334 374 452 412 nullae
474 388 605 414 earum
632 389 708 415 non
735 378 816 415 sine
842 390 1004 416 censura
1025 380 1289 426 γνησιὼτητος.
1353 379 1475 429 Igitur
1496 379 1548 416 ΙΙ.
1570 379 1616 415 V.
1638 378 1708 415 VI.
1728 383 1767 415 et

334 436 406 473 IX.
435 436 602 488 antiquis
623 437 704 487 jam
727 438 873 476 criticis
894 443 1106 488 suspectas,
1134 438 1166 475 si
1190 437 1370 488 excipias,
1397 444 1474 477 tum
1502 438 1654 476 easdem
1676 439 1765 475 XV.

334 496 554 546 Orationes,
574 511 671 548 quas
696 498 903 536 Plutarcho
923 498 1065 545 adhuc,
1091 505 1130 537 et
1157 498 1318 537 fortasse
1347 499 1498 537 serioris
1522 500 1648 538 aetatis
1670 499 1766 537 scri—

333 556 521 607 ptoribus,
536 558 659 608 legere
679 558 855 608 contigit,
877 558 939 597 hic
959 559 1177 609 designatas
1197 558 1370 606 habebis,
1387 559 1765 611 quarumquejactu-

333 624 428 664 ram,
456 618 641 669 imprimis
668 620 739 657 Or.
763 619 856 656 XII.
877 619 1008 658 XVII.
1031 626 1071 658 et
1096 620 1246 658 XVIII.
1275 621 1411 659 multas
1439 622 1489 658 ab
1517 634 1666 668 causas,
1695 635 1764 660 nos

334 680 450 719 hodie
478 680 663 719 dolemus.
718 681 1000 719 Auctoritatem
1029 694 1120 719 vero
1141 688 1180 720 et
1202 682 1433 732 probitatem
1463 682 1625 732 Lycurgi
1650 696 1765 734 quam

333 742 494 780 maxime
509 742 639 792 prodit
651 742 910 780 testimonium
924 742 1121 781 Plutarchi
1136 743 1183 780 V.
1198 755 1235 793 p.
1249 746 1339 781 842.
1358 743 1396 781 F.
1409 742 1564 788 ἐπιεικὴς
1579 742 1766 794 νομισθεὶς

333 807 437 855 παροὶ
464 804 585 841 πάντα
609 808 672 841 τοῦ
699 802 786 851 βίον
813 805 963 855 χρόνον,
992 806 1050 841 καὶ
1077 805 1117 842 ἐν
1143 809 1220 847 τοῖς
1247 807 1378 851 λόγοις
1404 803 1631 851 ἐπαινηθείς.
1692 805 1766 842 Καὶ

332 864 473 916 μηδένα
499 866 629 913 ἀγῶνα
656 865 785 910 ἁλοὺς,
805 864 920 902 καίτοι
948 867 1098 902 πολλῶν
1126 865 1469 915 κατηγορησάντων.
1525 865 1585 902 Ne
1613 865 1764 916 quidem

334 925 587 964 Demostheni
607 925 645 963 id
664 925 838 976 contigit.

386 987 473 1026 Jam
493 991 623 1033 restat,
647 993 690 1024 ut
717 986 893 1036 quaedam
921 987 1145 1037 Fragmenta
1171 985 1358 1036 ejusdem,
1377 999 1399 1024 a
1421 987 1577 1025 Stobaeo
1595 1001 1642 1026 ex
1668 988 1766 1026 illius

334 1047 531 1098 Epistolis,
550 1055 590 1086 ut
610 1048 761 1098 opinor,
776 1053 970 1098 excerpta,
991 1047 1190 1086 addamus.
1247 1048 1385 1086 Suidas
1405 1049 1504 1086 enim
1520 1055 1559 1088 et
1573 1050 1766 1101 Epistulas

333 1109 501 1160 Lycurgi
521 1109 746 1160 superstites
764 1109 901 1161 legisse
921 1109 1084 1149 videtur.
1139 1110 1239 1148 Sunt
1259 1115 1387 1148 autem
1407 1110 1507 1149 haec:

387 1170 500 1210 Stob.
521 1171 642 1209 Serm.
660 1171 751 1210 VII.
767 1185 806 1222 p.
825 1175 891 1212 76.
933 1170 1152 1218 Ζηλωτὸν
1178 1171 1290 1215 ἰ’σως
1318 1172 1337 1208 ὁ
1366 1174 1579 1215 πλοῦτος·
1609 1175 1766 1223 τίμιον

331 1233 490 1284 μέντοι
523 1236 595 1270 καὶ
629 1232 905 1284 θαυμαστὸν
937 1235 959 1278 ἡ
991 1232 1273 1279 δικαιοσύνη.

387 1293 498 1332 Stob.
527 1294 649 1331 Serm.
679 1293 809 1332 XXV.
837 1306 877 1344 p.
906 1297 997 1331 186.
1033 1293 1110 1331 Δεῖ
1140 1296 1295 1345 φίλοις
1331 1294 1403 1329 καὶ
1439 1297 1537 1335 τοῖς
1570 1294 1764 1336 οἰκείοις

332 1352 526 1401 βοηθεῖν
558 1356 667 1393 ἄνευ
702 1359 776 1392 τοῦ
812 1357 870 1406 μὴ
899 1355 1143 1405 ἐπιορκεῖν.

387 1416 447 1453 Id.
475 1416 595 1455 Serm.
623 1416 762 1454 LXVI.
778 1429 816 1467 p.
835 1419 928 1455 359.
956 1415 1106 1454 ''Oi-av
1141 1418 1254 1464 γυνὴ
1292 1416 1512 1466 ὁμονοίας
1545 1424 1622 1461 τῆς
1654 1416 1764 1467 πρὸς

335 1475 481 1527 ἄνδρα
527 1476 741 1529 στερηθῇ,
779 1475 986 1525 ἀβίωτος
1031 1478 1050 1515 ὁ
1095 1478 1496 1528 καταλειπόμενος
1545 1480 1767 1527 γίγνεται

335 1536 460 1585 βίος.

1958 913 1967 1147 ,.-.,-ᾈ,-,-,-
