<?xml version="1.0" encoding="UTF-8"?>
<!DOCTYPE html PUBLIC "-//W3C//DTD XHTML 1.0 Transitional//EN"
    "http://www.w3.org/TR/xhtml1/DTD/xhtml1-transitional.dtd">
<html xmlns="http://www.w3.org/1999/xhtml" xml:lang="en" lang="en">
 <head>
  <title>
</title>
<meta http-equiv="Content-Type" content="text/html;charset=utf-8" />
  <meta name='ocr-system' content='tesseract 3.04.00' />
  <meta name='ocr-capabilities' content='ocr_page ocr_carea ocr_par ocr_line ocrx_word'/>
</head>
<body>
  <div class='ocr_page' id='page_1' title='image "./oratoresatticie04dobs/oratoresatticie04dobs_0269.png"; bbox 0 0 1981 3255; ppageno 0'>
   <div class='ocr_carea' id='block_1_1' title="bbox 804 150 1041 192">
    <p class='ocr_par' dir='ltr' id='par_1_1' title="bbox 804 150 1041 192">
     <span class='ocr_line' id='line_1_1' title="bbox 804 150 1041 192; baseline -0.004 0"><span class='ocrx_word' id='word_1_1' title='bbox 804 150 1041 192; x_wconf 79' lang='lat' dir='ltr'>ISAIGAE.</span> 
     </span>
    </p>
   </div>
   <div class='ocr_carea' id='block_1_2' title="bbox 193 266 910 3006">
    <p class='ocr_par' dir='ltr' id='par_1_2' title="bbox 237 266 904 346">
     <span class='ocr_line' id='line_1_2' title="bbox 237 266 904 302; baseline -0.006 -4"><span class='ocrx_word' id='word_1_2' title='bbox 237 270 310 298; x_wconf 76' lang='lat' dir='ltr'>«lare</span> <span class='ocrx_word' id='word_1_3' title='bbox 354 267 451 302; x_wconf 84' lang='lat' dir='ltr'>litem,</span> <span class='ocrx_word' id='word_1_4' title='bbox 490 266 539 295; x_wconf 89' lang='lat' dir='ltr'>vel</span> <span class='ocrx_word' id='word_1_5' title='bbox 578 276 647 295; x_wconf 88' lang='lat' dir='ltr'>eum</span> <span class='ocrx_word' id='word_1_6' title='bbox 691 266 904 296; x_wconf 79' lang='lat' dir='ltr'>condemnare.</span> 
     </span>
     <span class='ocr_line' id='line_1_3' title="bbox 238 312 357 346; baseline -0.017 -6"><span class='ocrx_word' id='word_1_7' title='bbox 238 314 313 346; x_wconf 81' lang='grc'><strong>274,</strong></span> <span class='ocrx_word' id='word_1_8' title='bbox 328 312 357 340; x_wconf 84' lang='grc'>6.</span> 
     </span>
    </p>

    <p class='ocr_par' dir='ltr' id='par_1_3' title="bbox 196 350 906 560">
     <span class='ocr_line' id='line_1_4' title="bbox 196 350 906 390; baseline -0.006 -7"><span class='ocrx_word' id='word_1_9' title='bbox 196 353 401 390; x_wconf 77' lang='grc' dir='ltr'>εἰσαγγέλλειν,</span> <span class='ocrx_word' id='word_1_10' title='bbox 425 351 610 381; x_wconf 79' lang='lat' dir='ltr'>denunciare</span> <span class='ocrx_word' id='word_1_11' title='bbox 629 351 758 390; x_wconf 81' lang='lat' dir='ltr'>aliquem</span> <span class='ocrx_word' id='word_1_12' title='bbox 784 351 822 380; x_wconf 88' lang='lat' dir='ltr'>de</span> <span class='ocrx_word' id='word_1_13' title='bbox 846 350 906 379; x_wconf 87' lang='lat' dir='ltr'>cri-</span> 
     </span>
     <span class='ocr_line' id='line_1_5' title="bbox 237 393 905 434; baseline -0.003 -9"><span class='ocrx_word' id='word_1_14' title='bbox 237 396 316 425; x_wconf 87' lang='lat' dir='ltr'>mine</span> <span class='ocrx_word' id='word_1_15' title='bbox 339 395 518 432; x_wconf 68' lang='lat' dir='ltr'>majestatis,</span> <span class='ocrx_word' id='word_1_16' title='bbox 542 394 606 433; x_wconf 69' lang='grc' dir='ltr'>πρός</span> <span class='ocrx_word' id='word_1_17' title='bbox 627 393 674 424; x_wconf 64' lang='lat' dir='ltr'>‘riv</span> <span class='ocrx_word' id='word_1_18' title='bbox 698 393 831 434; x_wconf 73' lang='grc' dir='ltr'>ἄρχοντα.</span> <span class='ocrx_word' id='word_1_19' title='bbox 851 396 905 429; x_wconf 87' lang='lat'>44</span> 
     </span>
     <span class='ocr_line' id='line_1_6' title="bbox 239 435 905 476; baseline -0.005 -9"><span class='ocrx_word' id='word_1_20' title='bbox 239 440 289 467; x_wconf 88' lang='lat'>13.</span> <span class='ocrx_word' id='word_1_21' title='bbox 307 437 359 467; x_wconf 81' lang='grc' dir='ltr'>οὐδ’</span> <span class='ocrx_word' id='word_1_22' title='bbox 375 435 420 467; x_wconf 71' lang='grc' dir='ltr'>ἐὰν</span> <span class='ocrx_word' id='word_1_23' title='bbox 442 436 513 475; x_wconf 86' lang='grc' dir='ltr'>μίαν</span> <span class='ocrx_word' id='word_1_24' title='bbox 535 440 589 466; x_wconf 74' lang='grc' dir='ltr'>τῶν</span> <span class='ocrx_word' id='word_1_25' title='bbox 610 436 710 476; x_wconf 67' lang='grc' dir='ltr'>ψήφων</span> <span class='ocrx_word' id='word_1_26' title='bbox 724 438 745 467; x_wconf 83' lang='grc' dir='ltr'>οἱ</span> <span class='ocrx_word' id='word_1_27' title='bbox 762 436 905 474; x_wconf 81' lang='grc' dir='ltr'>εἰσαγγεί-</span> 
     </span>
     <span class='ocr_line' id='line_1_7' title="bbox 237 479 905 519; baseline -0.001 -10"><span class='ocrx_word' id='word_1_28' title='bbox 237 486 338 514; x_wconf 89' lang='grc' dir='ltr'>λαντες</span> <span class='ocrx_word' id='word_1_29' title='bbox 366 479 569 519; x_wconf 64' lang='grc' dir='ltr'>μεταλάζουσι.</span> <span class='ocrx_word' id='word_1_30' title='bbox 602 482 656 517; x_wconf 80' lang='grc'>45,</span> <span class='ocrx_word' id='word_1_31' title='bbox 688 482 717 509; x_wconf 89' lang='grc'>2.</span> <span class='ocrx_word' id='word_1_32' title='bbox 764 480 905 513; x_wconf 75' lang='grc' dir='ltr'>ἀκινδύνως</span> 
     </span>
     <span class='ocr_line' id='line_1_8' title="bbox 238 522 688 560; baseline -0.002 -8"><span class='ocrx_word' id='word_1_33' title='bbox 238 522 443 560; x_wconf 82' lang='grc' dir='ltr'>εἰσαγγέλλειν.</span> <span class='ocrx_word' id='word_1_34' title='bbox 466 525 520 558; x_wconf 85' lang='grc'>45,</span> <span class='ocrx_word' id='word_1_35' title='bbox 534 525 565 554; x_wconf 85' lang='grc'>5.</span> <span class='ocrx_word' id='word_1_36' title='bbox 589 525 642 557; x_wconf 84' lang='grc'>46,</span> <span class='ocrx_word' id='word_1_37' title='bbox 658 525 688 552; x_wconf 84' lang='grc'>3.</span> 
     </span>
    </p>

    <p class='ocr_par' dir='ltr' id='par_1_4' title="bbox 195 564 904 985">
     <span class='ocr_line' id='line_1_9' title="bbox 195 564 904 606; baseline -0.003 -11"><span class='ocrx_word' id='word_1_38' title='bbox 195 566 318 603; x_wconf 73' lang='grc' dir='ltr'>εἰσάγειν</span> <span class='ocrx_word' id='word_1_39' title='bbox 332 567 381 595; x_wconf 65' lang='grc' dir='ltr'>τὴν</span> <span class='ocrx_word' id='word_1_40' title='bbox 393 567 478 606; x_wconf 73' lang='grc' dir='ltr'>ἀρχὴν</span> <span class='ocrx_word' id='word_1_41' title='bbox 491 566 576 606; x_wconf 83' lang='lat' dir='ltr'>(scil.</span> <span class='ocrx_word' id='word_1_42' title='bbox 593 565 659 605; x_wconf 74' lang='grc' dir='ltr'>πρὸς</span> <span class='ocrx_word' id='word_1_43' title='bbox 668 564 792 603; x_wconf 76' lang='grc' dir='ltr'>ἑαυτόν).</span> <span class='ocrx_word' id='word_1_44' title='bbox 810 567 840 599; x_wconf 90' lang='grc'>9,</span> <span class='ocrx_word' id='word_1_45' title='bbox 853 567 904 594; x_wconf 89' lang='grc'>12.</span> 
     </span>
     <span class='ocr_line' id='line_1_10' title="bbox 239 608 903 647; baseline -0.002 -9"><span class='ocrx_word' id='word_1_46' title='bbox 239 619 323 638; x_wconf 88' lang='lat' dir='ltr'>reum</span> <span class='ocrx_word' id='word_1_47' title='bbox 341 609 524 647; x_wconf 87' lang='lat' dir='ltr'>adjudices.</span> <span class='ocrx_word' id='word_1_48' title='bbox 542 608 744 647; x_wconf 72' lang='grc' dir='ltr'>εἰσαγαγόντες</span> <span class='ocrx_word' id='word_1_49' title='bbox 766 609 802 641; x_wconf 83' lang='grc' dir='ltr'>εἷς</span> <span class='ocrx_word' id='word_1_50' title='bbox 816 608 903 647; x_wconf 73' lang='grc' dir='ltr'>ὑμᾶς.</span> 
     </span>
     <span class='ocr_line' id='line_1_11' title="bbox 239 651 903 690; baseline -0.003 -9"><span class='ocrx_word' id='word_1_51' title='bbox 239 662 306 681; x_wconf 89' lang='lat' dir='ltr'>cum</span> <span class='ocrx_word' id='word_1_52' title='bbox 326 652 585 690; x_wconf 70' lang='lat' dir='ltr'>pertraxissemus</span> <span class='ocrx_word' id='word_1_53' title='bbox 601 662 668 681; x_wconf 89' lang='lat' dir='ltr'>eum</span> <span class='ocrx_word' id='word_1_54' title='bbox 684 653 721 680; x_wconf 83' lang='lat' dir='ltr'>ad</span> <span class='ocrx_word' id='word_1_55' title='bbox 737 651 835 680; x_wconf 85' lang='lat' dir='ltr'>forum</span> <span class='ocrx_word' id='word_1_56' title='bbox 853 661 903 680; x_wconf 86' lang='lat' dir='ltr'>ve-</span> 
     </span>
     <span class='ocr_line' id='line_1_12' title="bbox 242 694 903 733; baseline -0.002 -10"><span class='ocrx_word' id='word_1_57' title='bbox 242 699 348 723; x_wconf 86' lang='lat' dir='ltr'>strum.</span> <span class='ocrx_word' id='word_1_58' title='bbox 371 697 423 730; x_wconf 87' lang='lat'>16,</span> <span class='ocrx_word' id='word_1_59' title='bbox 441 699 468 726; x_wconf 76' lang='grc'>2.</span> <span class='ocrx_word' id='word_1_60' title='bbox 496 695 534 729; x_wconf 87' lang='grc' dir='ltr'>εἰς</span> <span class='ocrx_word' id='word_1_61' title='bbox 549 694 581 724; x_wconf 81' lang='grc' dir='ltr'>τὸ</span> <span class='ocrx_word' id='word_1_62' title='bbox 596 694 780 733; x_wconf 76' lang='grc' dir='ltr'>δικαστήριον.</span> <span class='ocrx_word' id='word_1_63' title='bbox 804 695 858 732; x_wconf 81' lang='grc'>95,</span> <span class='ocrx_word' id='word_1_64' title='bbox 874 696 903 722; x_wconf 84' lang='grc'>2.</span> 
     </span>
     <span class='ocr_line' id='line_1_13' title="bbox 242 737 903 776; baseline -0.003 -9"><span class='ocrx_word' id='word_1_65' title='bbox 242 737 273 767; x_wconf 88' lang='lat' dir='ltr'>in</span> <span class='ocrx_word' id='word_1_66' title='bbox 288 737 451 776; x_wconf 76' lang='lat' dir='ltr'>collegium</span> <span class='ocrx_word' id='word_1_67' title='bbox 470 739 645 776; x_wconf 79' lang='lat' dir='ltr'>phrntorum</span> <span class='ocrx_word' id='word_1_68' title='bbox 660 742 691 766; x_wconf 90' lang='lat' dir='ltr'>et</span> <span class='ocrx_word' id='word_1_69' title='bbox 706 742 903 774; x_wconf 77' lang='lat' dir='ltr'>gennetarum</span> 
     </span>
     <span class='ocr_line' id='line_1_14' title="bbox 241 781 905 817; baseline 0 -8"><span class='ocrx_word' id='word_1_70' title='bbox 241 791 294 810; x_wconf 82' lang='lat' dir='ltr'>seu</span> <span class='ocrx_word' id='word_1_71' title='bbox 311 785 520 817; x_wconf 70' lang='lat' dir='ltr'>cognatorum.</span> <span class='ocrx_word' id='word_1_72' title='bbox 538 783 591 815; x_wconf 86' lang='lat'>61,</span> <span class='ocrx_word' id='word_1_73' title='bbox 609 782 660 810; x_wconf 98' lang='lat'>17.</span> <span class='ocrx_word' id='word_1_74' title='bbox 687 782 804 811; x_wconf 88' lang='grc'><strong>208,7.</strong></span> <span class='ocrx_word' id='word_1_75' title='bbox 829 781 905 815; x_wconf 86' lang='grc'><strong>258,</strong></span> 
     </span>
     <span class='ocr_line' id='line_1_15' title="bbox 241 822 903 862; baseline -0.005 -9"><span class='ocrx_word' id='word_1_76' title='bbox 241 826 270 853; x_wconf 87' lang='grc'>9.</span> <span class='ocrx_word' id='word_1_77' title='bbox 295 826 369 857; x_wconf 82' lang='lat'>265,</span> <span class='ocrx_word' id='word_1_78' title='bbox 387 824 438 853; x_wconf 82' lang='lat'>15.</span> <span class='ocrx_word' id='word_1_79' title='bbox 461 824 519 853; x_wconf 81' lang='lat' dir='ltr'>hoo</span> <span class='ocrx_word' id='word_1_80' title='bbox 539 824 708 862; x_wconf 77' lang='lat' dir='ltr'>significatu</span> <span class='ocrx_word' id='word_1_81' title='bbox 722 824 813 852; x_wconf 78' lang='lat' dir='ltr'>etiam</span> <span class='ocrx_word' id='word_1_82' title='bbox 832 822 903 851; x_wconf 87' lang='lat' dir='ltr'>sim-</span> 
     </span>
     <span class='ocr_line' id='line_1_16' title="bbox 241 866 904 905; baseline 0.002 -11"><span class='ocrx_word' id='word_1_83' title='bbox 241 866 311 905; x_wconf 79' lang='lat' dir='ltr'>plex</span> <span class='ocrx_word' id='word_1_84' title='bbox 338 866 459 904; x_wconf 82' lang='grc' dir='ltr'>εἰσάγειν</span> <span class='ocrx_word' id='word_1_85' title='bbox 481 873 655 905; x_wconf 81' lang='lat' dir='ltr'>usurpatur.</span> <span class='ocrx_word' id='word_1_86' title='bbox 680 868 732 900; x_wconf 89' lang='grc'>61,</span> <span class='ocrx_word' id='word_1_87' title='bbox 751 866 804 894; x_wconf 85' lang='lat' dir='ltr'>ult.</span> <span class='ocrx_word' id='word_1_88' title='bbox 831 867 904 900; x_wconf 89' lang='grc'><strong>169,</strong></span> 
     </span>
     <span class='ocr_line' id='line_1_17' title="bbox 241 907 904 948; baseline -0.002 -11"><span class='ocrx_word' id='word_1_89' title='bbox 241 919 312 947; x_wconf 81' lang='lat' dir='ltr'>pen.</span> <span class='ocrx_word' id='word_1_90' title='bbox 338 911 413 944; x_wconf 80' lang='grc'><strong>257,</strong></span> <span class='ocrx_word' id='word_1_91' title='bbox 432 912 481 940; x_wconf 82' lang='grc'>13.</span> <span class='ocrx_word' id='word_1_92' title='bbox 505 909 542 943; x_wconf 87' lang='grc' dir='ltr'>εἰς</span> <span class='ocrx_word' id='word_1_93' title='bbox 556 910 620 943; x_wconf 72' lang='grc' dir='ltr'>τοὺς</span> <span class='ocrx_word' id='word_1_94' title='bbox 644 907 904 948; x_wconf 78' lang='grc' dir='ltr'>ΘιάσουςἭρακλὲ-</span> 
     </span>
     <span class='ocr_line' id='line_1_18' title="bbox 240 954 460 985; baseline 0.005 -5"><span class='ocrx_word' id='word_1_95' title='bbox 240 963 293 984; x_wconf 84' lang='grc' dir='ltr'>ους.</span> <span class='ocrx_word' id='word_1_96' title='bbox 318 954 392 985; x_wconf 80' lang='grc'><strong>248,</strong></span> <span class='ocrx_word' id='word_1_97' title='bbox 412 956 460 981; x_wconf 86' lang='grc'>10.</span> 
     </span>
    </p>

    <p class='ocr_par' dir='ltr' id='par_1_5' title="bbox 197 992 903 1159">
     <span class='ocr_line' id='line_1_19' title="bbox 197 992 903 1033; baseline -0.006 -9"><span class='ocrx_word' id='word_1_98' title='bbox 197 994 340 1033; x_wconf 66' lang='grc' dir='ltr'>εἰσαγωγὴ</span> <span class='ocrx_word' id='word_1_99' title='bbox 363 995 473 1033; x_wconf 69' lang='grc' dir='ltr'>κλήρου,</span> <span class='ocrx_word' id='word_1_100' title='bbox 490 995 557 1024; x_wconf 89' lang='lat' dir='ltr'>scil.</span> <span class='ocrx_word' id='word_1_101' title='bbox 579 994 617 1028; x_wconf 88' lang='grc' dir='ltr'>εἰς</span> <span class='ocrx_word' id='word_1_102' title='bbox 634 993 732 1033; x_wconf 86' lang='grc' dir='ltr'>κρίσιν,</span> <span class='ocrx_word' id='word_1_103' title='bbox 755 993 802 1024; x_wconf 81' lang='lat' dir='ltr'>vel</span> <span class='ocrx_word' id='word_1_104' title='bbox 824 992 903 1022; x_wconf 80' lang='grc' dir='ltr'>δικα-</span> 
     </span>
     <span class='ocr_line' id='line_1_20' title="bbox 239 1036 903 1076; baseline -0.002 -11"><span class='ocrx_word' id='word_1_105' title='bbox 239 1038 356 1076; x_wconf 70' lang='grc' dir='ltr'>στήριον.</span> <span class='ocrx_word' id='word_1_106' title='bbox 373 1039 425 1071; x_wconf 85' lang='grc'>74,</span> <span class='ocrx_word' id='word_1_107' title='bbox 441 1039 470 1067; x_wconf 89' lang='grc'>5.</span> <span class='ocrx_word' id='word_1_108' title='bbox 487 1039 565 1067; x_wconf 69' lang='grc' dir='ltr'>κατὰ</span> <span class='ocrx_word' id='word_1_109' title='bbox 582 1037 716 1069; x_wconf 74' lang='grc' dir='ltr'>διαθήκας</span> <span class='ocrx_word' id='word_1_110' title='bbox 735 1038 763 1065; x_wconf 84' lang='grc' dir='ltr'>αἱ</span> <span class='ocrx_word' id='word_1_111' title='bbox 781 1036 903 1073; x_wconf 79' lang='grc' dir='ltr'>εἰσαγω-</span> 
     </span>
     <span class='ocr_line' id='line_1_21' title="bbox 238 1079 902 1119; baseline 0.002 -12"><span class='ocrx_word' id='word_1_112' title='bbox 238 1079 287 1117; x_wconf 78' lang='grc' dir='ltr'>γαὶ</span> <span class='ocrx_word' id='word_1_113' title='bbox 305 1079 387 1119; x_wconf 86' lang='lat' dir='ltr'>[scil.</span> <span class='ocrx_word' id='word_1_114' title='bbox 401 1081 440 1112; x_wconf 79' lang='grc' dir='ltr'>εἰς</span> <span class='ocrx_word' id='word_1_115' title='bbox 454 1081 518 1112; x_wconf 74' lang='grc' dir='ltr'>τοὺς</span> <span class='ocrx_word' id='word_1_116' title='bbox 533 1079 691 1119; x_wconf 74' lang='grc' dir='ltr'>φράτορας]</span> <span class='ocrx_word' id='word_1_117' title='bbox 708 1081 764 1108; x_wconf 79' lang='grc' dir='ltr'>τῶν</span> <span class='ocrx_word' id='word_1_118' title='bbox 779 1079 902 1108; x_wconf 77' lang='grc' dir='ltr'>εἰσποιή-</span> 
     </span>
     <span class='ocr_line' id='line_1_22' title="bbox 238 1120 618 1159; baseline 0.005 -9"><span class='ocrx_word' id='word_1_119' title='bbox 238 1133 293 1150; x_wconf 77' lang='grc' dir='ltr'>των</span> <span class='ocrx_word' id='word_1_120' title='bbox 307 1120 458 1159; x_wconf 83' lang='grc' dir='ltr'>γίγνονται.</span> <span class='ocrx_word' id='word_1_121' title='bbox 474 1124 549 1156; x_wconf 83' lang='grc'><strong>258,</strong></span> <span class='ocrx_word' id='word_1_122' title='bbox 567 1125 618 1156; x_wconf 78' lang='grc'>13,</span> 
     </span>
    </p>

    <p class='ocr_par' dir='ltr' id='par_1_6' title="bbox 193 1163 903 1288">
     <span class='ocr_line' id='line_1_23' title="bbox 193 1163 902 1205; baseline 0 -13"><span class='ocrx_word' id='word_1_123' title='bbox 193 1163 399 1205; x_wconf 65' lang='grc' dir='ltr'>εἰσέρχεσθαι]</span> <span class='ocrx_word' id='word_1_124' title='bbox 416 1166 500 1194; x_wconf 78' lang='lat' dir='ltr'>adire</span> <span class='ocrx_word' id='word_1_125' title='bbox 511 1166 620 1199; x_wconf 77' lang='lat' dir='ltr'>forum,</span> <span class='ocrx_word' id='word_1_126' title='bbox 631 1164 714 1193; x_wconf 77' lang='lat' dir='ltr'>litem</span> <span class='ocrx_word' id='word_1_127' title='bbox 729 1173 902 1203; x_wconf 73' lang='lat' dir='ltr'>capessere,</span> 
     </span>
     <span class='ocr_line' id='line_1_24' title="bbox 233 1206 903 1247; baseline -0.003 -11"><span class='ocrx_word' id='word_1_128' title='bbox 233 1209 304 1245; x_wconf 90' lang='lat' dir='ltr'>jure</span> <span class='ocrx_word' id='word_1_129' title='bbox 329 1208 477 1246; x_wconf 82' lang='lat' dir='ltr'>experiri.</span> <span class='ocrx_word' id='word_1_130' title='bbox 502 1207 645 1247; x_wconf 65' lang='grc' dir='ltr'>εὐθυδικίᾳ</span> <span class='ocrx_word' id='word_1_131' title='bbox 670 1206 840 1237; x_wconf 61' lang='grc' dir='ltr'>εἰσελθόντα</span> <span class='ocrx_word' id='word_1_132' title='bbox 866 1206 903 1240; x_wconf 80' lang='grc' dir='ltr'>εἰς</span> 
     </span>
     <span class='ocr_line' id='line_1_25' title="bbox 238 1250 626 1288; baseline 0.008 -10"><span class='ocrx_word' id='word_1_133' title='bbox 238 1250 327 1288; x_wconf 72' lang='grc' dir='ltr'>ὑμᾶς.</span> <span class='ocrx_word' id='word_1_134' title='bbox 345 1253 418 1286; x_wconf 94' lang='grc'><strong>121,</strong></span> <span class='ocrx_word' id='word_1_135' title='bbox 438 1253 488 1281; x_wconf 80' lang='grc'>13.</span> <span class='ocrx_word' id='word_1_136' title='bbox 504 1253 578 1285; x_wconf 85' lang='grc'><strong>145,</strong></span> <span class='ocrx_word' id='word_1_137' title='bbox 595 1253 626 1281; x_wconf 83' lang='grc'>6.</span> 
     </span>
    </p>

    <p class='ocr_par' dir='ltr' id='par_1_7' title="bbox 194 1291 902 1420">
     <span class='ocr_line' id='line_1_26' title="bbox 194 1291 901 1334; baseline 0 -13"><span class='ocrx_word' id='word_1_138' title='bbox 194 1291 322 1334; x_wconf 75' lang='grc' dir='ltr'>εἰσιέναι]</span> <span class='ocrx_word' id='word_1_139' title='bbox 341 1294 409 1322; x_wconf 84' lang='lat' dir='ltr'>scil.</span> <span class='ocrx_word' id='word_1_140' title='bbox 428 1294 457 1323; x_wconf 89' lang='lat' dir='ltr'>in</span> <span class='ocrx_word' id='word_1_141' title='bbox 475 1294 585 1324; x_wconf 77' lang='lat' dir='ltr'>forum.</span> <span class='ocrx_word' id='word_1_142' title='bbox 603 1292 688 1332; x_wconf 72' lang='grc' dir='ltr'>εἰσῄει</span> <span class='ocrx_word' id='word_1_143' title='bbox 706 1291 777 1322; x_wconf 85' lang='grc' dir='ltr'>δίκη.</span> <span class='ocrx_word' id='word_1_144' title='bbox 798 1294 851 1327; x_wconf 87' lang='grc'>98,</span> <span class='ocrx_word' id='word_1_145' title='bbox 869 1294 901 1322; x_wconf 89' lang='lat'>6.</span> 
     </span>
     <span class='ocr_line' id='line_1_27' title="bbox 236 1335 900 1375; baseline -0.002 -10"><span class='ocrx_word' id='word_1_146' title='bbox 236 1335 366 1375; x_wconf 82' lang='grc' dir='ltr'>εἰσίωμεν</span> <span class='ocrx_word' id='word_1_147' title='bbox 386 1338 435 1367; x_wconf 71' lang='grc' dir='ltr'>την</span> <span class='ocrx_word' id='word_1_148' title='bbox 450 1336 522 1367; x_wconf 88' lang='grc' dir='ltr'>δίκην</span> <span class='ocrx_word' id='word_1_149' title='bbox 541 1335 611 1366; x_wconf 80' lang='grc' dir='ltr'>κατ’</span> <span class='ocrx_word' id='word_1_150' title='bbox 630 1337 729 1366; x_wconf 72' lang='grc' dir='ltr'>αὐτοῦ.</span> <span class='ocrx_word' id='word_1_151' title='bbox 754 1339 828 1370; x_wconf 69' lang='grc'><strong>228,</strong></span> <span class='ocrx_word' id='word_1_152' title='bbox 844 1335 900 1364; x_wconf 79' lang='lat' dir='ltr'>ult.</span> 
     </span>
     <span class='ocr_line' id='line_1_28' title="bbox 236 1378 902 1420; baseline -0.002 -12"><span class='ocrx_word' id='word_1_153' title='bbox 236 1378 283 1408; x_wconf 78' lang='grc' dir='ltr'>τὸν</span> <span class='ocrx_word' id='word_1_154' title='bbox 298 1381 392 1417; x_wconf 80' lang='grc' dir='ltr'>ἀγῶνα</span> <span class='ocrx_word' id='word_1_155' title='bbox 404 1379 516 1409; x_wconf 76' lang='grc' dir='ltr'>εἰσιέναι</span> <span class='ocrx_word' id='word_1_156' title='bbox 526 1380 684 1420; x_wconf 79' lang='grc' dir='ltr'>μέλλοντες</span> <span class='ocrx_word' id='word_1_157' title='bbox 696 1378 755 1420; x_wconf 79' lang='grc' dir='ltr'>περὶ</span> <span class='ocrx_word' id='word_1_158' title='bbox 772 1379 821 1408; x_wconf 79' lang='grc' dir='ltr'>τοῦ</span> <span class='ocrx_word' id='word_1_159' title='bbox 833 1378 902 1408; x_wconf 74' lang='grc' dir='ltr'>κλή-</span> 
     </span>
    </p>

    <p class='ocr_par' dir='ltr' id='par_1_8' title="bbox 203 1425 430 1461">
     <span class='ocr_line' id='line_1_29' title="bbox 203 1425 430 1461; baseline 0.013 -11"><span class='ocrx_word' id='word_1_160' title='bbox 203 1455 205 1457; x_wconf 83' lang='lat'>.</span> <span class='ocrx_word' id='word_1_161' title='bbox 236 1433 291 1461; x_wconf 79' lang='grc' dir='ltr'>ρου.</span> <span class='ocrx_word' id='word_1_162' title='bbox 308 1426 382 1458; x_wconf 85' lang='grc'><strong>281,</strong></span> <span class='ocrx_word' id='word_1_163' title='bbox 398 1425 430 1453; x_wconf 92' lang='grc'>7.</span> 
     </span>
    </p>

    <p class='ocr_par' dir='ltr' id='par_1_9' title="bbox 195 1463 901 1506">
     <span class='ocr_line' id='line_1_30' title="bbox 195 1463 901 1506; baseline -0.003 -11"><span class='ocrx_word' id='word_1_164' title='bbox 195 1463 343 1506; x_wconf 76' lang='grc' dir='ltr'>εἰσποιεῖν]</span> <span class='ocrx_word' id='word_1_165' title='bbox 370 1476 526 1503; x_wconf 82' lang='lat' dir='ltr'><strong>arrogare.</strong></span> <span class='ocrx_word' id='word_1_166' title='bbox 554 1465 684 1495; x_wconf 75' lang='grc' dir='ltr'>εἰσποιῶν</span> <span class='ocrx_word' id='word_1_167' title='bbox 711 1464 795 1505; x_wconf 76' lang='lat' dir='ltr'>[scil.</span> <span class='ocrx_word' id='word_1_168' title='bbox 822 1470 901 1493; x_wconf 89' lang='grc' dir='ltr'>Νικο-</span> 
     </span>
    </p>

    <p class='ocr_par' dir='ltr' id='par_1_10' title="bbox 237 1506 903 1548">
     <span class='ocr_line' id='line_1_31' title="bbox 237 1506 903 1548; baseline -0.003 -11"><span class='ocrx_word' id='word_1_169' title='bbox 237 1511 356 1548; x_wconf 75' lang='grc' dir='ltr'>στράτῳ</span> <span class='ocrx_word' id='word_1_170' title='bbox 376 1509 422 1538; x_wconf 84' lang='lat' dir='ltr'>vel</span> <span class='ocrx_word' id='word_1_171' title='bbox 443 1509 481 1542; x_wconf 83' lang='grc' dir='ltr'>εἰς</span> <span class='ocrx_word' id='word_1_172' title='bbox 499 1508 533 1538; x_wconf 73' lang='grc' dir='ltr'>τὸ</span> <span class='ocrx_word' id='word_1_173' title='bbox 550 1509 741 1547; x_wconf 77' lang='grc' dir='ltr'>Νικοστράτου</span> <span class='ocrx_word' id='word_1_174' title='bbox 761 1506 850 1547; x_wconf 86' lang='grc' dir='ltr'>γένος]</span> <span class='ocrx_word' id='word_1_175' title='bbox 869 1506 903 1536; x_wconf 74' lang='grc' dir='ltr'>τὸ</span> 
     </span>
    </p>

    <p class='ocr_par' dir='ltr' id='par_1_11' title="bbox 238 1545 902 1592">
     <span class='ocr_line' id='line_1_32' title="bbox 238 1545 902 1592; baseline -0.003 -12"><span class='ocrx_word' id='word_1_176' title='bbox 238 1550 346 1581; x_wconf 83' lang='grc' dir='ltr'>παιδίον</span> <span class='ocrx_word' id='word_1_177' title='bbox 362 1551 506 1591; x_wconf 81' lang='lat' dir='ltr'>[subaudi</span> <span class='ocrx_word' id='word_1_178' title='bbox 524 1551 639 1592; x_wconf 80' lang='grc' dir='ltr'>ἑαυτοῦ]</span> <span class='ocrx_word' id='word_1_179' title='bbox 649 1550 679 1589; x_wconf 73' lang='grc' dir='ltr'>ἐξ</span> <span class='ocrx_word' id='word_1_180' title='bbox 692 1550 805 1590; x_wconf 85' lang='grc' dir='ltr'>ἑταίρας</span> <span class='ocrx_word' id='word_1_181' title='bbox 820 1545 902 1589; x_wconf 74' lang='lat' dir='ltr'>[scil.</span> 
     </span>
    </p>

    <p class='ocr_par' dir='ltr' id='par_1_12' title="bbox 239 1593 902 1635">
     <span class='ocr_line' id='line_1_33' title="bbox 239 1593 902 1635; baseline 0 -13"><span class='ocrx_word' id='word_1_182' title='bbox 239 1594 320 1633; x_wconf 64' lang='grc' dir='ltr'>αὐτῷ</span> <span class='ocrx_word' id='word_1_183' title='bbox 327 1593 532 1635; x_wconf 55' lang='grc' dir='ltr'>γεγενημένον]</span> <span class='ocrx_word' id='word_1_184' title='bbox 544 1596 598 1628; x_wconf 81' lang='grc'>73,</span> <span class='ocrx_word' id='word_1_185' title='bbox 610 1597 641 1634; x_wconf 82' lang='grc'>2.</span> <span class='ocrx_word' id='word_1_186' title='bbox 654 1594 821 1624; x_wconf 73' lang='grc' dir='ltr'>εἰσποιήσων</span> <span class='ocrx_word' id='word_1_187' title='bbox 831 1594 902 1623; x_wconf 84' lang='grc' dir='ltr'>παῖ’-</span> 
     </span>
    </p>

    <p class='ocr_par' dir='ltr' id='par_1_13' title="bbox 239 1636 902 1672">
     <span class='ocr_line' id='line_1_34' title="bbox 239 1636 902 1672; baseline 0.002 -7"><span class='ocrx_word' id='word_1_188' title='bbox 239 1636 290 1671; x_wconf 86' lang='grc' dir='ltr'>δας</span> <span class='ocrx_word' id='word_1_189' title='bbox 304 1637 342 1672; x_wconf 88' lang='grc' dir='ltr'>εἰς</span> <span class='ocrx_word' id='word_1_190' title='bbox 355 1636 401 1667; x_wconf 77' lang='grc' dir='ltr'>τὸν</span> <span class='ocrx_word' id='word_1_191' title='bbox 411 1637 489 1667; x_wconf 73' lang='grc' dir='ltr'>οἷκον.</span> <span class='ocrx_word' id='word_1_192' title='bbox 503 1639 576 1671; x_wconf 86' lang='grc'><strong>136,</strong></span> <span class='ocrx_word' id='word_1_193' title='bbox 588 1640 618 1667; x_wconf 81' lang='lat'>4.</span> <span class='ocrx_word' id='word_1_194' title='bbox 631 1636 682 1666; x_wconf 79' lang='grc' dir='ltr'>υἱὸν</span> <span class='ocrx_word' id='word_1_195' title='bbox 698 1637 745 1666; x_wconf 71' lang='grc' dir='ltr'>οὐκ</span> <span class='ocrx_word' id='word_1_196' title='bbox 760 1636 902 1666; x_wconf 81' lang='grc' dir='ltr'>εἰσποιεῖν.</span> 
     </span>
    </p>

    <p class='ocr_par' dir='ltr' id='par_1_14' title="bbox 242 1679 902 1718">
     <span class='ocr_line' id='line_1_35' title="bbox 242 1679 902 1718; baseline 0 -10"><span class='ocrx_word' id='word_1_197' title='bbox 242 1682 316 1715; x_wconf 89' lang='grc'><strong>180,</strong></span> <span class='ocrx_word' id='word_1_198' title='bbox 333 1683 364 1710; x_wconf 88' lang='grc'>5.</span> <span class='ocrx_word' id='word_1_199' title='bbox 389 1680 536 1710; x_wconf 86' lang='grc' dir='ltr'>εἰσεποίουν</span> <span class='ocrx_word' id='word_1_200' title='bbox 559 1680 596 1713; x_wconf 90' lang='grc' dir='ltr'>εἰς</span> <span class='ocrx_word' id='word_1_201' title='bbox 617 1681 714 1709; x_wconf 78' lang='grc' dir='ltr'>τοῦτον</span> <span class='ocrx_word' id='word_1_202' title='bbox 734 1679 780 1708; x_wconf 68' lang='grc' dir='ltr'>τέν</span> <span class='ocrx_word' id='word_1_203' title='bbox 797 1681 902 1718; x_wconf 64' lang='grc' dir='ltr'>κλῆρον.</span> 
     </span>
    </p>

    <p class='ocr_par' dir='ltr' id='par_1_15' title="bbox 240 1721 904 1763">
     <span class='ocr_line' id='line_1_36' title="bbox 240 1721 904 1763; baseline -0.005 -10"><span class='ocrx_word' id='word_1_204' title='bbox 240 1724 316 1758; x_wconf 83' lang='grc'><strong>263,</strong></span> <span class='ocrx_word' id='word_1_205' title='bbox 331 1726 380 1753; x_wconf 88' lang='grc'>10.</span> <span class='ocrx_word' id='word_1_206' title='bbox 398 1722 483 1763; x_wconf 77' lang='grc' dir='ltr'>ἕτεροι</span> <span class='ocrx_word' id='word_1_207' title='bbox 499 1724 562 1754; x_wconf 75' lang='grc' dir='ltr'>τοὺς</span> <span class='ocrx_word' id='word_1_208' title='bbox 576 1721 728 1761; x_wconf 71' lang='grc' dir='ltr'>σφετέρους</span> <span class='ocrx_word' id='word_1_209' title='bbox 744 1723 851 1755; x_wconf 75' lang='grc' dir='ltr'>παῖδας</span> <span class='ocrx_word' id='word_1_210' title='bbox 866 1722 904 1756; x_wconf 87' lang='grc' dir='ltr'>εἰς</span> 
     </span>
    </p>

    <p class='ocr_par' dir='ltr' id='par_1_16' title="bbox 240 1764 903 1805">
     <span class='ocr_line' id='line_1_37' title="bbox 240 1764 903 1805; baseline -0.002 -11"><span class='ocrx_word' id='word_1_211' title='bbox 240 1764 347 1805; x_wconf 82' lang='grc' dir='ltr'>ἐτέρους</span> <span class='ocrx_word' id='word_1_212' title='bbox 368 1766 454 1799; x_wconf 65' lang='lat' dir='ltr'>ornav:</span> <span class='ocrx_word' id='word_1_213' title='bbox 476 1766 652 1800; x_wconf 73' lang='grc' dir='ltr'>εἰσποιοῦσιν,</span> <span class='ocrx_word' id='word_1_214' title='bbox 674 1765 716 1794; x_wconf 70' lang='grc' dir='ltr'>ἵνα</span> <span class='ocrx_word' id='word_1_215' title='bbox 740 1767 782 1803; x_wconf 74' lang='grc' dir='ltr'>μὴ</span> <span class='ocrx_word' id='word_1_216' title='bbox 806 1766 903 1804; x_wconf 77' lang='grc' dir='ltr'>μετά-</span> 
     </span>
    </p>

    <p class='ocr_par' dir='ltr' id='par_1_17' title="bbox 239 1807 902 1848">
     <span class='ocr_line' id='line_1_38' title="bbox 239 1807 902 1848; baseline 0 -10"><span class='ocrx_word' id='word_1_217' title='bbox 239 1819 340 1848; x_wconf 80' lang='grc' dir='ltr'>σχωσι</span> <span class='ocrx_word' id='word_1_218' title='bbox 361 1811 412 1842; x_wconf 69' lang='grc' dir='ltr'>τῆς</span> <span class='ocrx_word' id='word_1_219' title='bbox 427 1810 477 1838; x_wconf 78' lang='grc' dir='ltr'>τοῦ</span> <span class='ocrx_word' id='word_1_220' title='bbox 495 1807 603 1848; x_wconf 72' lang='grc' dir='ltr'>πατρὸς</span> <span class='ocrx_word' id='word_1_221' title='bbox 620 1808 756 1848; x_wconf 74' lang='grc' dir='ltr'>ἀτιμίας.</span> <span class='ocrx_word' id='word_1_222' title='bbox 779 1810 854 1843; x_wconf 81' lang='grc'><strong>264,</strong></span> <span class='ocrx_word' id='word_1_223' title='bbox 872 1812 902 1838; x_wconf 93' lang='grc'>1.</span> 
     </span>
    </p>

    <p class='ocr_par' dir='ltr' id='par_1_18' title="bbox 239 1850 904 1892">
     <span class='ocr_line' id='line_1_39' title="bbox 239 1850 904 1892; baseline 0 -11"><span class='ocrx_word' id='word_1_224' title='bbox 239 1851 279 1885; x_wconf 85' lang='grc' dir='ltr'>εἰς</span> <span class='ocrx_word' id='word_1_225' title='bbox 290 1851 432 1892; x_wconf 74' lang='grc' dir='ltr'>ὑπόχρεων</span> <span class='ocrx_word' id='word_1_226' title='bbox 443 1852 535 1881; x_wconf 77' lang='grc' dir='ltr'>οὐσίαν</span> <span class='ocrx_word' id='word_1_227' title='bbox 545 1851 694 1882; x_wconf 90' lang='grc' dir='ltr'>εἰσεποίουν</span> <span class='ocrx_word' id='word_1_228' title='bbox 702 1852 781 1890; x_wconf 74' lang='grc' dir='ltr'>σφὲὶς</span> <span class='ocrx_word' id='word_1_229' title='bbox 792 1850 904 1885; x_wconf 79' lang='grc' dir='ltr'>αὐτούς.</span> 
     </span>
    </p>

    <p class='ocr_par' dir='ltr' id='par_1_19' title="bbox 241 1896 732 1931">
     <span class='ocr_line' id='line_1_40' title="bbox 241 1896 732 1931; baseline -0.002 -7"><span class='ocrx_word' id='word_1_230' title='bbox 241 1897 316 1929; x_wconf 81' lang='grc'><strong>264,</strong></span> <span class='ocrx_word' id='word_1_231' title='bbox 330 1898 361 1925; x_wconf 82' lang='lat'>3.</span> <span class='ocrx_word' id='word_1_232' title='bbox 378 1897 452 1931; x_wconf 82' lang='lat'>354,</span> <span class='ocrx_word' id='word_1_233' title='bbox 469 1898 499 1924; x_wconf 84' lang='lat'>1.</span> <span class='ocrx_word' id='word_1_234' title='bbox 515 1901 547 1924; x_wconf 86' lang='lat' dir='ltr'>et</span> <span class='ocrx_word' id='word_1_235' title='bbox 562 1898 593 1924; x_wconf 87' lang='lat'>4.</span> <span class='ocrx_word' id='word_1_236' title='bbox 609 1896 684 1929; x_wconf 82' lang='grc'><strong>357,</strong></span> <span class='ocrx_word' id='word_1_237' title='bbox 703 1899 732 1925; x_wconf 74' lang='grc'>4.</span> 
     </span>
    </p>

    <p class='ocr_par' dir='ltr' id='par_1_20' title="bbox 197 1936 908 2320">
     <span class='ocr_line' id='line_1_41' title="bbox 197 1936 904 1978; baseline -0.003 -11"><span class='ocrx_word' id='word_1_238' title='bbox 197 1937 395 1978; x_wconf 81' lang='grc' dir='ltr'>εἰσπράττειν]</span> <span class='ocrx_word' id='word_1_239' title='bbox 413 1939 551 1975; x_wconf 75' lang='lat' dir='ltr'>exigere,</span> <span class='ocrx_word' id='word_1_240' title='bbox 565 1947 689 1977; x_wconf 80' lang='lat' dir='ltr'>poscere</span> <span class='ocrx_word' id='word_1_241' title='bbox 711 1948 753 1966; x_wconf 85' lang='lat' dir='ltr'>aes</span> <span class='ocrx_word' id='word_1_242' title='bbox 769 1936 904 1966; x_wconf 80' lang='lat' dir='ltr'>debitum</span> 
     </span>
     <span class='ocr_line' id='line_1_42' title="bbox 241 1979 905 2020; baseline -0.002 -10"><span class='ocrx_word' id='word_1_243' title='bbox 241 1990 259 2010; x_wconf 91' lang='lat' dir='ltr'>a</span> <span class='ocrx_word' id='word_1_244' title='bbox 274 1981 427 2010; x_wconf 68' lang='lat' dir='ltr'>debitore.</span> <span class='ocrx_word' id='word_1_245' title='bbox 442 1980 581 2020; x_wconf 74' lang='grc' dir='ltr'>εἰσ-πράξῃ</span> <span class='ocrx_word' id='word_1_246' title='bbox 597 1979 631 2009; x_wconf 71' lang='grc' dir='ltr'>τὸ</span> <span class='ocrx_word' id='word_1_247' title='bbox 646 1979 814 2019; x_wconf 75' lang='grc' dir='ltr'>ἧμικληριον.</span> <span class='ocrx_word' id='word_1_248' title='bbox 834 1982 905 2014; x_wconf 85' lang='grc'><strong>164,</strong></span> 
     </span>
     <span class='ocr_line' id='line_1_43' title="bbox 242 2022 904 2063; baseline 0 -11"><span class='ocrx_word' id='word_1_249' title='bbox 242 2023 297 2052; x_wconf 86' lang='lat' dir='ltr'>ult.</span> <span class='ocrx_word' id='word_1_250' title='bbox 315 2024 326 2052; x_wconf 84' lang='grc' dir='ltr'><em>ὃ</em></span> <span class='ocrx_word' id='word_1_251' title='bbox 341 2023 571 2062; x_wconf 65' lang='grc' dir='ltr'>μισθωσάμενος</span> <span class='ocrx_word' id='word_1_252' title='bbox 588 2022 724 2063; x_wconf 76' lang='grc' dir='ltr'>εἷο-πράξῃ</span> <span class='ocrx_word' id='word_1_253' title='bbox 738 2033 779 2060; x_wconf 92' lang='grc' dir='ltr'>με</span> <span class='ocrx_word' id='word_1_254' title='bbox 795 2023 904 2052; x_wconf 77' lang='grc' dir='ltr'>ταῦτα.</span> 
     </span>
     <span class='ocr_line' id='line_1_44' title="bbox 242 2066 904 2104; baseline -0.002 -10"><span class='ocrx_word' id='word_1_255' title='bbox 242 2066 345 2096; x_wconf 79' lang='lat' dir='ltr'>veniat</span> <span class='ocrx_word' id='word_1_256' title='bbox 354 2067 523 2095; x_wconf 77' lang='lat' dir='ltr'>conductor</span> <span class='ocrx_word' id='word_1_257' title='bbox 531 2075 720 2104; x_wconf 83' lang='lat' dir='ltr'>annuamque</span> <span class='ocrx_word' id='word_1_258' title='bbox 733 2066 904 2094; x_wconf 84' lang='lat' dir='ltr'>mercedem</span> 
     </span>
     <span class='ocr_line' id='line_1_45' title="bbox 241 2108 904 2144; baseline 0.002 -7"><span class='ocrx_word' id='word_1_259' title='bbox 241 2108 348 2138; x_wconf 88' lang='lat' dir='ltr'>horum</span> <span class='ocrx_word' id='word_1_260' title='bbox 366 2110 510 2138; x_wconf 83' lang='lat' dir='ltr'>bonorum</span> <span class='ocrx_word' id='word_1_261' title='bbox 532 2118 550 2137; x_wconf 83' lang='lat' dir='ltr'>a</span> <span class='ocrx_word' id='word_1_262' title='bbox 572 2119 619 2137; x_wconf 86' lang='lat' dir='ltr'>me</span> <span class='ocrx_word' id='word_1_263' title='bbox 642 2108 754 2144; x_wconf 72' lang='lat' dir='ltr'>exigat.</span> <span class='ocrx_word' id='word_1_264' title='bbox 776 2110 851 2143; x_wconf 81' lang='lat'>289,</span> <span class='ocrx_word' id='word_1_265' title='bbox 872 2110 904 2138; x_wconf 83' lang='lat'>7.</span> 
     </span>
     <span class='ocr_line' id='line_1_46' title="bbox 240 2149 904 2191; baseline 0 -10"><span class='ocrx_word' id='word_1_266' title='bbox 240 2151 386 2191; x_wconf 75' lang='grc' dir='ltr'>χρήματα</span> <span class='ocrx_word' id='word_1_267' title='bbox 404 2149 633 2190; x_wconf 74' lang='grc' dir='ltr'>εἰσπράττεσθαι</span> <span class='ocrx_word' id='word_1_268' title='bbox 654 2150 706 2180; x_wconf 78' lang='grc' dir='ltr'>ὑπό</span> <span class='ocrx_word' id='word_1_269' title='bbox 727 2161 809 2184; x_wconf 88' lang='grc' dir='ltr'>τινος.</span> <span class='ocrx_word' id='word_1_270' title='bbox 830 2152 904 2186; x_wconf 80' lang='grc'><strong>225,</strong></span> 
     </span>
     <span class='ocr_line' id='line_1_47' title="bbox 241 2193 905 2233; baseline -0.002 -9"><span class='ocrx_word' id='word_1_271' title='bbox 241 2197 273 2224; x_wconf 88' lang='grc'>3.</span> <span class='ocrx_word' id='word_1_272' title='bbox 295 2193 534 2233; x_wconf 62' lang='grc' dir='ltr'>εἰσπραττεσθαί</span> <span class='ocrx_word' id='word_1_273' title='bbox 554 2206 635 2228; x_wconf 84' lang='grc' dir='ltr'>τινος.</span> <span class='ocrx_word' id='word_1_274' title='bbox 659 2195 696 2222; x_wconf 90' lang='lat' dir='ltr'>ab</span> <span class='ocrx_word' id='word_1_275' title='bbox 719 2194 821 2232; x_wconf 75' lang='lat' dir='ltr'>aliquo</span> <span class='ocrx_word' id='word_1_276' title='bbox 837 2194 905 2223; x_wconf 82' lang='lat' dir='ltr'>exi-</span> 
     </span>
     <span class='ocr_line' id='line_1_48' title="bbox 242 2236 904 2276; baseline -0.002 -10"><span class='ocrx_word' id='word_1_277' title='bbox 242 2247 314 2275; x_wconf 83' lang='lat' dir='ltr'>gere</span> <span class='ocrx_word' id='word_1_278' title='bbox 332 2239 378 2266; x_wconf 80' lang='lat' dir='ltr'>ve!</span> <span class='ocrx_word' id='word_1_279' title='bbox 398 2238 547 2275; x_wconf 77' lang='lat' dir='ltr'>redigere.</span> <span class='ocrx_word' id='word_1_280' title='bbox 565 2239 639 2269; x_wconf 79' lang='lat'>264,</span> <span class='ocrx_word' id='word_1_281' title='bbox 656 2236 712 2265; x_wconf 91' lang='lat' dir='ltr'>ult.</span> <span class='ocrx_word' id='word_1_282' title='bbox 729 2236 904 2276; x_wconf 77' lang='grc' dir='ltr'>εἰσπράττε-</span> 
     </span>
     <span class='ocr_line' id='line_1_49' title="bbox 241 2278 908 2320; baseline 0.001 -11"><span class='ocrx_word' id='word_1_283' title='bbox 241 2279 316 2310; x_wconf 66' lang='grc' dir='ltr'>σθαι</span> <span class='ocrx_word' id='word_1_284' title='bbox 327 2279 413 2315; x_wconf 67' lang='grc' dir='ltr'>οὕτως</span> <span class='ocrx_word' id='word_1_285' title='bbox 420 2279 540 2320; x_wconf 81' lang='grc' dir='ltr'>ἔχοντας</span> <span class='ocrx_word' id='word_1_286' title='bbox 547 2280 594 2308; x_wconf 73' lang='grc' dir='ltr'>οὐκ</span> <span class='ocrx_word' id='word_1_287' title='bbox 604 2278 777 2317; x_wconf 73' lang='grc' dir='ltr'>ἠδυνήθημεν.</span> <span class='ocrx_word' id='word_1_288' title='bbox 789 2282 865 2313; x_wconf 82' lang='grc'><strong>339,</strong></span> <span class='ocrx_word' id='word_1_289' title='bbox 877 2284 908 2310; x_wconf 93' lang='grc'>1.</span> 
     </span>
    </p>

    <p class='ocr_par' dir='ltr' id='par_1_21' title="bbox 196 2322 905 2574">
     <span class='ocr_line' id='line_1_50' title="bbox 196 2322 905 2363; baseline -0.003 -10"><span class='ocrx_word' id='word_1_290' title='bbox 196 2323 332 2363; x_wconf 77' lang='grc' dir='ltr'>εἰσφέρειν</span> <span class='ocrx_word' id='word_1_291' title='bbox 346 2322 493 2362; x_wconf 78' lang='grc' dir='ltr'>γαμηλίαν</span> <span class='ocrx_word' id='word_1_292' title='bbox 507 2323 592 2361; x_wconf 80' lang='lat' dir='ltr'>(scil.</span> <span class='ocrx_word' id='word_1_293' title='bbox 607 2323 647 2357; x_wconf 81' lang='grc' dir='ltr'>εἷς</span> <span class='ocrx_word' id='word_1_294' title='bbox 661 2323 725 2355; x_wconf 76' lang='grc' dir='ltr'>τοὺς</span> <span class='ocrx_word' id='word_1_295' title='bbox 741 2323 905 2362; x_wconf 72' lang='grc' dir='ltr'>φράτορας).</span> 
     </span>
     <span class='ocr_line' id='line_1_51' title="bbox 242 2365 906 2405; baseline -0.003 -8"><span class='ocrx_word' id='word_1_296' title='bbox 242 2369 295 2400; x_wconf 82' lang='grc'>62,</span> <span class='ocrx_word' id='word_1_297' title='bbox 314 2369 359 2396; x_wconf 82' lang='lat'>15.</span> <span class='ocrx_word' id='word_1_298' title='bbox 374 2377 433 2400; x_wconf 84' lang='grc' dir='ltr'>τοις</span> <span class='ocrx_word' id='word_1_299' title='bbox 446 2367 585 2405; x_wconf 78' lang='grc' dir='ltr'>φράτορσι</span> <span class='ocrx_word' id='word_1_300' title='bbox 600 2365 748 2405; x_wconf 82' lang='grc' dir='ltr'>γαμηλίαν</span> <span class='ocrx_word' id='word_1_301' title='bbox 759 2365 906 2404; x_wconf 87' lang='grc' dir='ltr'>εἰσενεγκε.</span> 
     </span>
     <span class='ocr_line' id='line_1_52' title="bbox 243 2407 905 2452; baseline -0.006 -12"><span class='ocrx_word' id='word_1_302' title='bbox 243 2412 316 2444; x_wconf 78' lang='grc'><strong>208,</strong></span> <span class='ocrx_word' id='word_1_303' title='bbox 334 2420 403 2448; x_wconf 79' lang='lat' dir='ltr'>pen.</span> <span class='ocrx_word' id='word_1_304' title='bbox 434 2409 471 2447; x_wconf 88' lang='lat' dir='ltr'>b)</span> <span class='ocrx_word' id='word_1_305' title='bbox 488 2409 598 2438; x_wconf 75' lang='lat' dir='ltr'>inferre</span> <span class='ocrx_word' id='word_1_306' title='bbox 613 2408 652 2442; x_wconf 88' lang='grc' dir='ltr'>εἰς</span> <span class='ocrx_word' id='word_1_307' title='bbox 667 2407 700 2436; x_wconf 75' lang='grc' dir='ltr'>τὸ</span> <span class='ocrx_word' id='word_1_308' title='bbox 716 2407 855 2452; x_wconf 83' lang='grc' dir='ltr'>δημόσιον,</span> <span class='ocrx_word' id='word_1_309' title='bbox 878 2409 905 2437; x_wconf 90' lang='lat' dir='ltr'>in</span> 
     </span>
     <span class='ocr_line' id='line_1_53' title="bbox 241 2450 905 2490; baseline -0.002 -9"><span class='ocrx_word' id='word_1_310' title='bbox 241 2453 392 2487; x_wconf 82' lang='lat' dir='ltr'>aerarium,</span> <span class='ocrx_word' id='word_1_311' title='bbox 408 2452 614 2482; x_wconf 70' lang='lat' dir='ltr'>contribuere.</span> <span class='ocrx_word' id='word_1_312' title='bbox 630 2452 670 2480; x_wconf 77' lang='grc' dir='ltr'>τοὶ</span> <span class='ocrx_word' id='word_1_313' title='bbox 686 2450 905 2490; x_wconf 78' lang='grc' dir='ltr'>εἰσενηνεγμένα.</span> 
     </span>
     <span class='ocr_line' id='line_1_54' title="bbox 242 2494 906 2536; baseline -0.008 -10"><span class='ocrx_word' id='word_1_314' title='bbox 242 2497 318 2531; x_wconf 78' lang='grc'><strong>333,</strong></span> <span class='ocrx_word' id='word_1_315' title='bbox 335 2497 365 2525; x_wconf 84' lang='grc'>3.</span> <span class='ocrx_word' id='word_1_316' title='bbox 383 2494 514 2536; x_wconf 81' lang='grc' dir='ltr'>ἂργυριον.</span> <span class='ocrx_word' id='word_1_317' title='bbox 538 2497 612 2529; x_wconf 81' lang='grc'><strong>331,</strong></span> <span class='ocrx_word' id='word_1_318' title='bbox 628 2497 658 2524; x_wconf 96' lang='grc'>2.</span> <span class='ocrx_word' id='word_1_319' title='bbox 675 2494 815 2535; x_wconf 74' lang='grc' dir='ltr'>εἰσφοράς.</span> <span class='ocrx_word' id='word_1_320' title='bbox 834 2498 906 2530; x_wconf 83' lang='grc'><strong>110,</strong></span> 
     </span>
     <span class='ocr_line' id='line_1_55' title="bbox 243 2539 741 2587; baseline -0.006 -20"><span class='ocrx_word' id='word_1_321' title='bbox 243 2539 297 2567; x_wconf 89' lang='lat' dir='ltr'>ult.</span> <span class='ocrx_word' id='word_1_322' title='bbox 317 2541 390 2574; x_wconf 88' lang='lat'>111,</span> <span class='ocrx_word' id='word_1_323' title='bbox 406 2540 530 2572; x_wconf 59' lang='grc'><strong>3187,</strong></span> <span class='ocrx_word' id='word_1_324' title='bbox 549 2541 578 2567; x_wconf 87' lang='lat'>1.</span> <span class='ocrx_word' id='word_1_325' title='bbox 594 2539 669 2587; x_wconf 82' lang='grc'><strong>298,</strong></span> <span class='ocrx_word' id='word_1_326' title='bbox 686 2539 741 2566; x_wconf 84' lang='lat' dir='ltr'>ult.</span> 
     </span>
    </p>

    <p class='ocr_par' dir='ltr' id='par_1_22' title="bbox 200 2578 906 2663">
     <span class='ocr_line' id='line_1_56' title="bbox 200 2578 906 2621; baseline -0.003 -11"><span class='ocrx_word' id='word_1_327' title='bbox 200 2581 325 2621; x_wconf 76' lang='grc' dir='ltr'>εἰσφορα,</span> <span class='ocrx_word' id='word_1_328' title='bbox 341 2581 526 2610; x_wconf 67' lang='lat' dir='ltr'>contributio</span> <span class='ocrx_word' id='word_1_329' title='bbox 541 2580 717 2619; x_wconf 76' lang='lat' dir='ltr'>pecuniania</span> <span class='ocrx_word' id='word_1_330' title='bbox 734 2579 771 2613; x_wconf 86' lang='grc' dir='ltr'>εἰς</span> <span class='ocrx_word' id='word_1_331' title='bbox 786 2578 832 2608; x_wconf 71' lang='grc' dir='ltr'>τὶν</span> <span class='ocrx_word' id='word_1_332' title='bbox 847 2579 906 2609; x_wconf 70' lang='lat' dir='ltr'><em>wo&#39;-</em></span> 
     </span>
     <span class='ocr_line' id='line_1_57' title="bbox 243 2624 793 2663; baseline -0.002 -10"><span class='ocrx_word' id='word_1_333' title='bbox 243 2631 340 2662; x_wconf 88' lang='grc' dir='ltr'>λεμον.</span> <span class='ocrx_word' id='word_1_334' title='bbox 355 2627 428 2660; x_wconf 89' lang='grc'><strong>110,</strong></span> <span class='ocrx_word' id='word_1_335' title='bbox 442 2635 512 2663; x_wconf 88' lang='lat' dir='ltr'>pen.</span> <span class='ocrx_word' id='word_1_336' title='bbox 530 2626 605 2658; x_wconf 83' lang='lat'>331,</span> <span class='ocrx_word' id='word_1_337' title='bbox 623 2626 653 2655; x_wconf 90' lang='lat'>1.</span> <span class='ocrx_word' id='word_1_338' title='bbox 669 2626 744 2657; x_wconf 83' lang='lat'>333,</span> <span class='ocrx_word' id='word_1_339' title='bbox 762 2624 793 2652; x_wconf 84' lang='lat'>2.</span> 
     </span>
    </p>

    <p class='ocr_par' dir='ltr' id='par_1_23' title="bbox 200 2665 910 3006">
     <span class='ocr_line' id='line_1_58' title="bbox 200 2665 907 2707; baseline 0.001 -13"><span class='ocrx_word' id='word_1_340' title='bbox 200 2665 247 2707; x_wconf 83' lang='grc' dir='ltr'>ἐκ]</span> <span class='ocrx_word' id='word_1_341' title='bbox 272 2665 302 2705; x_wconf 77' lang='grc' dir='ltr'>ἐξ</span> <span class='ocrx_word' id='word_1_342' title='bbox 324 2665 422 2697; x_wconf 80' lang='grc' dir='ltr'>ἐκείνου</span> <span class='ocrx_word' id='word_1_343' title='bbox 440 2666 591 2705; x_wconf 82' lang='grc' dir='ltr'>γεγονότες.</span> <span class='ocrx_word' id='word_1_344' title='bbox 617 2667 721 2705; x_wconf 86' lang='lat' dir='ltr'>proles</span> <span class='ocrx_word' id='word_1_345' title='bbox 744 2667 781 2694; x_wconf 77' lang='lat' dir='ltr'>ab</span> <span class='ocrx_word' id='word_1_346' title='bbox 804 2665 907 2704; x_wconf 83' lang='lat' dir='ltr'>aliquo</span> 
     </span>
     <span class='ocr_line' id='line_1_59' title="bbox 244 2707 907 2751; baseline 0 -13"><span class='ocrx_word' id='word_1_347' title='bbox 244 2713 495 2751; x_wconf 35' lang='lat' dir='ltr'>prognat32214,</span> <span class='ocrx_word' id='word_1_348' title='bbox 512 2713 564 2739; x_wconf 77' lang='lat'>11.</span> <span class='ocrx_word' id='word_1_349' title='bbox 586 2711 662 2745; x_wconf 86' lang='grc'><strong>217,</strong></span> <span class='ocrx_word' id='word_1_350' title='bbox 678 2712 709 2740; x_wconf 81' lang='grc'>3.</span> <span class='ocrx_word' id='word_1_351' title='bbox 729 2707 760 2738; x_wconf 86' lang='grc' dir='ltr'>ἐκ</span> <span class='ocrx_word' id='word_1_352' title='bbox 777 2709 829 2741; x_wconf 71' lang='grc' dir='ltr'>τῆς</span> <span class='ocrx_word' id='word_1_353' title='bbox 845 2707 907 2738; x_wconf 75' lang='grc' dir='ltr'>ἐπι-</span> 
     </span>
     <span class='ocr_line' id='line_1_60' title="bbox 244 2752 907 2792; baseline 0.002 -13"><span class='ocrx_word' id='word_1_354' title='bbox 244 2754 358 2791; x_wconf 68' lang='grc' dir='ltr'>τροπῆς.</span> <span class='ocrx_word' id='word_1_355' title='bbox 382 2763 438 2792; x_wconf 82' lang='lat' dir='ltr'>per</span> <span class='ocrx_word' id='word_1_356' title='bbox 460 2753 650 2783; x_wconf 79' lang='lat' dir='ltr'>occasionem</span> <span class='ocrx_word' id='word_1_357' title='bbox 674 2756 769 2791; x_wconf 74' lang='lat' dir='ltr'>geslae</span> <span class='ocrx_word' id='word_1_358' title='bbox 792 2752 907 2787; x_wconf 76' lang='lat' dir='ltr'>tutelae,</span> 
     </span>
     <span class='ocr_line' id='line_1_61' title="bbox 246 2795 910 2833; baseline 0 -10"><span class='ocrx_word' id='word_1_359' title='bbox 246 2795 302 2823; x_wconf 89' lang='lat' dir='ltr'>sub</span> <span class='ocrx_word' id='word_1_360' title='bbox 314 2796 379 2833; x_wconf 78' lang='lat' dir='ltr'>ejus</span> <span class='ocrx_word' id='word_1_361' title='bbox 392 2796 509 2825; x_wconf 87' lang='lat' dir='ltr'>latebra</span> <span class='ocrx_word' id='word_1_362' title='bbox 524 2800 554 2825; x_wconf 81' lang='lat' dir='ltr'>et</span> <span class='ocrx_word' id='word_1_363' title='bbox 567 2796 705 2825; x_wconf 83' lang='lat' dir='ltr'>obtentu.</span> <span class='ocrx_word' id='word_1_364' title='bbox 718 2796 792 2829; x_wconf 83' lang='grc'><strong>165,</strong></span> <span class='ocrx_word' id='word_1_365' title='bbox 807 2798 835 2824; x_wconf 92' lang='grc'>1.</span> <span class='ocrx_word' id='word_1_366' title='bbox 849 2807 910 2830; x_wconf 76' lang='grc' dir='ltr'>τοις</span> 
     </span>
     <span class='ocr_line' id='line_1_62' title="bbox 246 2835 908 2877; baseline 0.006 -13"><span class='ocrx_word' id='word_1_367' title='bbox 246 2835 337 2873; x_wconf 85' lang='grc' dir='ltr'>λόγοις</span> <span class='ocrx_word' id='word_1_368' title='bbox 358 2839 398 2868; x_wconf 72' lang='grc' dir='ltr'>τὸ,</span> <span class='ocrx_word' id='word_1_369' title='bbox 420 2837 451 2867; x_wconf 79' lang='grc' dir='ltr'>ἐκ</span> <span class='ocrx_word' id='word_1_370' title='bbox 472 2839 521 2868; x_wconf 79' lang='grc' dir='ltr'>τοῦ</span> <span class='ocrx_word' id='word_1_371' title='bbox 543 2837 626 2877; x_wconf 85' lang='grc' dir='ltr'>νόμου</span> <span class='ocrx_word' id='word_1_372' title='bbox 647 2836 741 2867; x_wconf 87' lang='grc' dir='ltr'>δίκαια</span> <span class='ocrx_word' id='word_1_373' title='bbox 760 2835 908 2877; x_wconf 72' lang='grc' dir='ltr'>ἀφανίζειν.</span> 
     </span>
     <span class='ocr_line' id='line_1_63' title="bbox 249 2879 909 2920; baseline 0 -11"><span class='ocrx_word' id='word_1_374' title='bbox 249 2880 324 2913; x_wconf 83' lang='grc'><strong>193,</strong></span> <span class='ocrx_word' id='word_1_375' title='bbox 342 2881 374 2908; x_wconf 83' lang='grc'>3.</span> <span class='ocrx_word' id='word_1_376' title='bbox 394 2881 575 2920; x_wconf 79' lang='grc' dir='ltr'>κομιούμενος</span> <span class='ocrx_word' id='word_1_377' title='bbox 594 2880 677 2910; x_wconf 83' lang='grc' dir='ltr'>αιίτὸν</span> <span class='ocrx_word' id='word_1_378' title='bbox 697 2881 733 2913; x_wconf 84' lang='grc' dir='ltr'>ὡς</span> <span class='ocrx_word' id='word_1_379' title='bbox 751 2879 857 2917; x_wconf 67' lang='grc' dir='ltr'>θάψων</span> <span class='ocrx_word' id='word_1_380' title='bbox 878 2880 909 2909; x_wconf 84' lang='grc' dir='ltr'>ἐκ</span> 
     </span>
     <span class='ocr_line' id='line_1_64' title="bbox 248 2920 909 2963; baseline 0.002 -13"><span class='ocrx_word' id='word_1_381' title='bbox 248 2923 299 2955; x_wconf 75' lang='grc' dir='ltr'>τῗῐς</span> <span class='ocrx_word' id='word_1_382' title='bbox 308 2920 378 2960; x_wconf 69' lang='grc' dir='ltr'>ἔμῗὶς</span> <span class='ocrx_word' id='word_1_383' title='bbox 391 2922 486 2956; x_wconf 80' lang='grc' dir='ltr'>οἰκίας.</span> <span class='ocrx_word' id='word_1_384' title='bbox 501 2926 576 2959; x_wconf 87' lang='grc'><strong>209,</strong></span> <span class='ocrx_word' id='word_1_385' title='bbox 589 2926 640 2953; x_wconf 84' lang='grc'>14.</span> <span class='ocrx_word' id='word_1_386' title='bbox 651 2929 681 2953; x_wconf 80' lang='lat' dir='ltr'>et</span> <span class='ocrx_word' id='word_1_387' title='bbox 695 2927 746 2954; x_wconf 89' lang='lat'>18.</span> <span class='ocrx_word' id='word_1_388' title='bbox 763 2922 795 2952; x_wconf 83' lang='grc' dir='ltr'>ἐκ</span> <span class='ocrx_word' id='word_1_389' title='bbox 807 2924 909 2963; x_wconf 77' lang='grc' dir='ltr'>μικροῦ</span> 
     </span>
     <span class='ocr_line' id='line_1_65' title="bbox 247 2963 910 3006; baseline 0.003 -13"><span class='ocrx_word' id='word_1_390' title='bbox 247 2963 367 2994; x_wconf 74' lang='grc' dir='ltr'>ιιιναιδίου</span> <span class='ocrx_word' id='word_1_391' title='bbox 381 2964 593 3006; x_wconf 64' lang='grc' dir='ltr'>τεθραμμένος.</span> <span class='ocrx_word' id='word_1_392' title='bbox 609 2969 684 3002; x_wconf 75' lang='grc'><strong>248,</strong></span> <span class='ocrx_word' id='word_1_393' title='bbox 700 2968 729 2997; x_wconf 89' lang='grc'>5.</span> <span class='ocrx_word' id='word_1_394' title='bbox 747 2965 778 2995; x_wconf 89' lang='grc' dir='ltr'>ἐκ</span> <span class='ocrx_word' id='word_1_395' title='bbox 795 2968 910 3003; x_wconf 80' lang='grc' dir='ltr'>πληγῶν</span> 
     </span>
    </p>
   </div>
   <div class='ocr_carea' id='block_1_3' title="bbox 1567 152 1651 193">
    <p class='ocr_par' dir='ltr' id='par_1_24' title="bbox 1567 152 1651 193">
     <span class='ocr_line' id='line_1_66' title="bbox 1567 152 1651 193; baseline 0.012 -1"><span class='ocrx_word' id='word_1_396' title='bbox 1567 152 1651 193; x_wconf 86' lang='grc'>235</span> 
     </span>
    </p>
   </div>
   <div class='ocr_carea' id='block_1_4' title="bbox 935 262 1654 3001">
    <p class='ocr_par' dir='ltr' id='par_1_25' title="bbox 982 262 1651 341">
     <span class='ocr_line' id='line_1_67' title="bbox 983 262 1651 303; baseline -0.004 -9"><span class='ocrx_word' id='word_1_397' title='bbox 983 262 1180 294; x_wconf 57' lang='lat' dir='ltr'>&amp;creabo-awa</span> <span class='ocrx_word' id='word_1_398' title='bbox 1202 263 1230 292; x_wconf 80' lang='grc' dir='ltr'>οὗ</span> <span class='ocrx_word' id='word_1_399' title='bbox 1255 263 1379 297; x_wconf 74' lang='grc' dir='ltr'>πολλαῖς</span> <span class='ocrx_word' id='word_1_400' title='bbox 1404 262 1519 303; x_wconf 64' lang='grc' dir='ltr'>ἡμέραις</span> <span class='ocrx_word' id='word_1_401' title='bbox 1539 262 1651 303; x_wconf 63' lang='grc' dir='ltr'>ὕστερον</span> 
     </span>
     <span class='ocr_line' id='line_1_68' title="bbox 982 307 1285 341; baseline -0.01 -4"><span class='ocrx_word' id='word_1_402' title='bbox 982 307 1145 337; x_wconf 58' lang='grc' dir='ltr'>ἀποθανεῖν.</span> <span class='ocrx_word' id='word_1_403' title='bbox 1163 308 1238 341; x_wconf 86' lang='grc'><strong>241,</strong></span> <span class='ocrx_word' id='word_1_404' title='bbox 1258 309 1285 335; x_wconf 88' lang='lat'>1.</span> 
     </span>
    </p>

    <p class='ocr_par' dir='ltr' id='par_1_26' title="bbox 939 347 1647 423">
     <span class='ocr_line' id='line_1_69' title="bbox 939 347 1647 403; baseline -0.006 -23"><span class='ocrx_word' id='word_1_405' title='bbox 939 349 1092 403; x_wconf 54' lang='grc' dir='ltr'>ἑκάστοτε,</span> <span class='ocrx_word' id='word_1_406' title='bbox 1113 349 1253 384; x_wconf 81' lang='lat' dir='ltr'>subinde,</span> <span class='ocrx_word' id='word_1_407' title='bbox 1273 348 1455 387; x_wconf 70' lang='lat' dir='ltr'>identidem,</span> <span class='ocrx_word' id='word_1_408' title='bbox 1471 350 1572 388; x_wconf 76' lang='grc' dir='ltr'>φοιτῶν</span> <span class='ocrx_word' id='word_1_409' title='bbox 1591 347 1647 378; x_wconf 62' lang='grc' dir='ltr'>ἐπὶ</span> 
     </span>
     <span class='ocr_line' id='line_1_70' title="bbox 981 391 1308 426; baseline -0.006 -5"><span class='ocrx_word' id='word_1_410' title='bbox 981 405 1014 422; x_wconf 90' lang='grc' dir='ltr'>το</span> <span class='ocrx_word' id='word_1_411' title='bbox 1030 403 1142 423; x_wconf 88' lang='grc' dir='ltr'>ενοικιον</span> <span class='ocrx_word' id='word_1_412' title='bbox 1161 394 1234 426; x_wconf 81' lang='lat'>134,</span> <span class='ocrx_word' id='word_1_413' title='bbox 1251 391 1308 420; x_wconf 75' lang='lat' dir='ltr'>ult.</span> 
     </span>
    </p>

    <p class='ocr_par' dir='ltr' id='par_1_27' title="bbox 938 432 1648 514">
     <span class='ocr_line' id='line_1_71' title="bbox 938 432 1648 476; baseline -0.006 -11"><span class='ocrx_word' id='word_1_414' title='bbox 938 435 1102 476; x_wconf 74' lang='grc' dir='ltr'>ἐκβάλλειν]</span> <span class='ocrx_word' id='word_1_415' title='bbox 1126 433 1199 464; x_wconf 63' lang='grc' dir='ltr'>ὠθεῖ</span> <span class='ocrx_word' id='word_1_416' title='bbox 1196 446 1218 468; x_wconf 91' lang='grc' dir='ltr'>ν,</span> <span class='ocrx_word' id='word_1_417' title='bbox 1235 433 1396 468; x_wconf 71' lang='grc' dir='ltr'>ἐκβάλλειν,</span> <span class='ocrx_word' id='word_1_418' title='bbox 1414 432 1527 462; x_wconf 72' lang='grc' dir='ltr'>κωλύειν</span> <span class='ocrx_word' id='word_1_419' title='bbox 1541 433 1648 462; x_wconf 65' lang='grc' dir='ltr'>συνὲά·</span> 
     </span>
     <span class='ocr_line' id='line_1_72' title="bbox 982 475 1648 514; baseline -0.005 -5.986"><span class='ocrx_word' id='word_1_420' title='bbox 982 489 1073 508; x_wconf 72' lang='grc' dir='ltr'>·.πτειν</span> <span class='ocrx_word' id='word_1_421' title='bbox 1091 480 1166 513; x_wconf 84' lang='grc'><strong>212,</strong></span> <span class='ocrx_word' id='word_1_422' title='bbox 1181 479 1211 508; x_wconf 90' lang='lat'>3.</span> <span class='ocrx_word' id='word_1_423' title='bbox 1230 476 1261 506; x_wconf 81' lang='grc' dir='ltr'>ἐκ</span> <span class='ocrx_word' id='word_1_424' title='bbox 1276 479 1331 505; x_wconf 77' lang='grc' dir='ltr'>τῶν</span> <span class='ocrx_word' id='word_1_425' title='bbox 1345 475 1490 514; x_wconf 74' lang='grc' dir='ltr'>πατρῴων.</span> <span class='ocrx_word' id='word_1_426' title='bbox 1509 476 1648 511; x_wconf 79' lang='lat'>267,14.</span> 
     </span>
    </p>

    <p class='ocr_par' dir='ltr' id='par_1_28' title="bbox 939 517 1648 599">
     <span class='ocr_line' id='line_1_73' title="bbox 939 517 1648 561; baseline -0.004 -11"><span class='ocrx_word' id='word_1_427' title='bbox 939 520 1118 561; x_wconf 61' lang='grc' dir='ltr'>ἐκγίνεσὲαι]</span> <span class='ocrx_word' id='word_1_428' title='bbox 1145 520 1200 550; x_wconf 77' lang='grc' dir='ltr'>ὅσα</span> <span class='ocrx_word' id='word_1_429' title='bbox 1223 521 1274 559; x_wconf 77' lang='grc' dir='ltr'>ἦμ,</span> <span class='ocrx_word' id='word_1_430' title='bbox 1265 521 1290 548; x_wconf 74' lang='grc' dir='ltr'>ῖν</span> <span class='ocrx_word' id='word_1_431' title='bbox 1314 517 1447 558; x_wconf 77' lang='grc' dir='ltr'>ἐξεγινετο</span> <span class='ocrx_word' id='word_1_432' title='bbox 1473 519 1648 557; x_wconf 80' lang='grc' dir='ltr'>διαπράττε-</span> 
     </span>
     <span class='ocr_line' id='line_1_74' title="bbox 981 563 1547 599; baseline -0.005 -6"><span class='ocrx_word' id='word_1_433' title='bbox 981 563 1060 594; x_wconf 80' lang='grc' dir='ltr'>σθαι.</span> <span class='ocrx_word' id='word_1_434' title='bbox 1076 565 1199 599; x_wconf 81' lang='lat' dir='ltr'>licebat,</span> <span class='ocrx_word' id='word_1_435' title='bbox 1215 564 1318 592; x_wconf 82' lang='lat' dir='ltr'>datum</span> <span class='ocrx_word' id='word_1_436' title='bbox 1334 567 1409 591; x_wconf 75' lang='lat' dir='ltr'>erat.</span> <span class='ocrx_word' id='word_1_437' title='bbox 1426 564 1479 596; x_wconf 89' lang='lat'>98,</span> <span class='ocrx_word' id='word_1_438' title='bbox 1498 565 1547 590; x_wconf 75' lang='grc'>12.</span> 
     </span>
    </p>

    <p class='ocr_par' dir='ltr' id='par_1_29' title="bbox 938 605 1647 688">
     <span class='ocr_line' id='line_1_75' title="bbox 938 605 1647 648; baseline -0.006 -12"><span class='ocrx_word' id='word_1_439' title='bbox 938 605 1058 648; x_wconf 79' lang='grc' dir='ltr'>ἔκγονος]</span> <span class='ocrx_word' id='word_1_440' title='bbox 1080 607 1246 636; x_wconf 84' lang='lat' dir='ltr'>discrimen</span> <span class='ocrx_word' id='word_1_441' title='bbox 1269 606 1348 634; x_wconf 80' lang='lat' dir='ltr'>inter</span> <span class='ocrx_word' id='word_1_442' title='bbox 1370 606 1435 637; x_wconf 77' lang='grc' dir='ltr'>τοὺς</span> <span class='ocrx_word' id='word_1_443' title='bbox 1454 605 1597 642; x_wconf 85' lang='grc' dir='ltr'>συγγενεῖς</span> <span class='ocrx_word' id='word_1_444' title='bbox 1616 608 1647 633; x_wconf 81' lang='lat' dir='ltr'>et</span> 
     </span>
     <span class='ocr_line' id='line_1_76' title="bbox 981 649 1365 688; baseline -0.005 -9"><span class='ocrx_word' id='word_1_445' title='bbox 981 651 1045 683; x_wconf 78' lang='grc' dir='ltr'>τοὺς</span> <span class='ocrx_word' id='word_1_446' title='bbox 1060 649 1190 688; x_wconf 80' lang='grc' dir='ltr'>ἐκγόνους.</span> <span class='ocrx_word' id='word_1_447' title='bbox 1206 651 1281 683; x_wconf 84' lang='grc'><strong>214,</strong></span> <span class='ocrx_word' id='word_1_448' title='bbox 1294 659 1365 688; x_wconf 90' lang='lat' dir='ltr'>pen.</span> 
     </span>
    </p>

    <p class='ocr_par' dir='ltr' id='par_1_30' title="bbox 937 688 1647 816">
     <span class='ocr_line' id='line_1_77' title="bbox 937 688 1647 723; baseline -0.004 -2"><span class='ocrx_word' id='word_1_449' title='bbox 937 691 1077 723; x_wconf 78' lang='grc' dir='ltr'>ἐκδιδόναι.</span> <span class='ocrx_word' id='word_1_450' title='bbox 1105 693 1226 722; x_wconf 81' lang='lat' dir='ltr'>elocare</span> <span class='ocrx_word' id='word_1_451' title='bbox 1254 691 1411 721; x_wconf 85' lang='lat' dir='ltr'>mulierem</span> <span class='ocrx_word' id='word_1_452' title='bbox 1443 688 1647 719; x_wconf 79' lang='lat' dir='ltr'>matrimonio.</span> 
     </span>
     <span class='ocr_line' id='line_1_78' title="bbox 983 732 1645 771; baseline -0.008 -5"><span class='ocrx_word' id='word_1_453' title='bbox 983 738 1034 771; x_wconf 84' lang='lat'>19,</span> <span class='ocrx_word' id='word_1_454' title='bbox 1050 738 1081 766; x_wconf 88' lang='grc'>5.</span> <span class='ocrx_word' id='word_1_455' title='bbox 1097 734 1261 769; x_wconf 60' lang='grc' dir='ltr'>ἐκδοθείσας</span> <span class='ocrx_word' id='word_1_456' title='bbox 1273 734 1320 763; x_wconf 81' lang='grc' dir='ltr'>καί</span> <span class='ocrx_word' id='word_1_457' title='bbox 1337 732 1516 766; x_wconf 83' lang='grc' dir='ltr'>συνοικούσας</span> <span class='ocrx_word' id='word_1_458' title='bbox 1531 732 1645 771; x_wconf 78' lang='grc' dir='ltr'>ἀνδράσι</span> 
     </span>
     <span class='ocr_line' id='line_1_79' title="bbox 979 779 1263 816; baseline -0.007 -8"><span class='ocrx_word' id='word_1_459' title='bbox 979 780 1125 816; x_wconf 82' lang='grc' dir='ltr'>γυναῖκας.</span> <span class='ocrx_word' id='word_1_460' title='bbox 1138 780 1191 813; x_wconf 72' lang='grc'>51,</span> <span class='ocrx_word' id='word_1_461' title='bbox 1209 779 1263 807; x_wconf 81' lang='lat' dir='ltr'>ult.</span> 
     </span>
    </p>

    <p class='ocr_par' dir='ltr' id='par_1_31' title="bbox 937 820 1364 862">
     <span class='ocr_line' id='line_1_80' title="bbox 937 820 1364 862; baseline 0 -11"><span class='ocrx_word' id='word_1_462' title='bbox 937 820 1036 856; x_wconf 79' lang='grc' dir='ltr'>ἐκεῖνος</span> <span class='ocrx_word' id='word_1_463' title='bbox 1053 832 1107 862; x_wconf 86' lang='lat' dir='ltr'>pro</span> <span class='ocrx_word' id='word_1_464' title='bbox 1123 822 1295 856; x_wconf 78' lang='lat' dir='ltr'>suus.209,</span> <span class='ocrx_word' id='word_1_465' title='bbox 1313 823 1364 851; x_wconf 89' lang='lat'>18</span> 
     </span>
    </p>

    <p class='ocr_par' dir='ltr' id='par_1_32' title="bbox 937 843 1645 946">
     <span class='ocr_line' id='line_1_81' title="bbox 937 843 1645 904; baseline -0.004 -12"><span class='ocrx_word' id='word_1_466' title='bbox 937 862 1097 904; x_wconf 78' lang='grc' dir='ltr'>ἐκκόπτειν]</span> <span class='ocrx_word' id='word_1_467' title='bbox 1122 863 1154 894; x_wconf 71' lang='grc' dir='ltr'>ἵν’</span> <span class='ocrx_word' id='word_1_468' title='bbox 1173 864 1265 893; x_wconf 76' lang='grc' dir='ltr'>αὖτῶν</span> <span class='ocrx_word' id='word_1_469' title='bbox 1286 843 1445 902; x_wconf 68' lang='grc' dir='ltr'>ἐκκοψαιμι</span> <span class='ocrx_word' id='word_1_470' title='bbox 1469 860 1577 891; x_wconf 83' lang='grc' dir='ltr'>ταύτην</span> <span class='ocrx_word' id='word_1_471' title='bbox 1597 872 1645 890; x_wconf 72' lang='grc' dir='ltr'>την</span> 
     </span>
     <span class='ocr_line' id='line_1_82' title="bbox 980 906 1280 946; baseline -0.003 -10"><span class='ocrx_word' id='word_1_472' title='bbox 980 906 1139 946; x_wconf 74' lang='grc' dir='ltr'>ἱεροσυλίαν.</span> <span class='ocrx_word' id='word_1_473' title='bbox 1158 909 1232 940; x_wconf 85' lang='grc'><strong>224,</strong></span> <span class='ocrx_word' id='word_1_474' title='bbox 1249 909 1280 935; x_wconf 88' lang='grc'>7.</span> 
     </span>
    </p>

    <p class='ocr_par' dir='ltr' id='par_1_33' title="bbox 935 946 1645 1001">
     <span class='ocr_line' id='line_1_83' title="bbox 935 946 1645 1001; baseline -0.004 -23"><span class='ocrx_word' id='word_1_475' title='bbox 935 948 1088 1001; x_wconf 83' lang='grc' dir='ltr'>ἐκλείπειν]</span> <span class='ocrx_word' id='word_1_476' title='bbox 1107 951 1220 979; x_wconf 81' lang='grc' dir='ltr'>πάντων</span> <span class='ocrx_word' id='word_1_477' title='bbox 1231 949 1277 979; x_wconf 80' lang='grc' dir='ltr'>ηδη</span> <span class='ocrx_word' id='word_1_478' title='bbox 1292 946 1507 977; x_wconf 79' lang='grc' dir='ltr'>ἐκλελοιπότων.</span> <span class='ocrx_word' id='word_1_479' title='bbox 1522 948 1632 981; x_wconf 84' lang='grc'><strong>276,2</strong></span> <span class='ocrx_word' id='word_1_480' title='bbox 1616 968 1645 976; x_wconf 84' lang='grc'>...</span> 
     </span>
    </p>

    <p class='ocr_par' dir='ltr' id='par_1_34' title="bbox 936 989 1646 1075">
     <span class='ocr_line' id='line_1_84' title="bbox 936 989 1646 1032; baseline -0.006 -10"><span class='ocrx_word' id='word_1_481' title='bbox 936 991 1150 1032; x_wconf 80' lang='grc' dir='ltr'>ἐκλειτουργεῖν]</span> <span class='ocrx_word' id='word_1_482' title='bbox 1181 991 1243 1021; x_wconf 87' lang='grc' dir='ltr'>τίνα</span> <span class='ocrx_word' id='word_1_483' title='bbox 1268 990 1441 1030; x_wconf 82' lang='grc' dir='ltr'>λειτουργίαν</span> <span class='ocrx_word' id='word_1_484' title='bbox 1467 1001 1514 1019; x_wconf 87' lang='grc' dir='ltr'>ουκ</span> <span class='ocrx_word' id='word_1_485' title='bbox 1543 989 1646 1028; x_wconf 75' lang='grc' dir='ltr'>ἐξελει·</span> 
     </span>
     <span class='ocr_line' id='line_1_85' title="bbox 979 1035 1301 1075; baseline -0.007 -10"><span class='ocrx_word' id='word_1_486' title='bbox 979 1046 1138 1075; x_wconf 85' lang='grc' dir='ltr'>τουργησεν.</span> <span class='ocrx_word' id='word_1_487' title='bbox 1156 1038 1229 1070; x_wconf 87' lang='grc'><strong>186,</strong></span> <span class='ocrx_word' id='word_1_488' title='bbox 1245 1035 1301 1064; x_wconf 77' lang='lat' dir='ltr'>uli.</span> 
     </span>
    </p>

    <p class='ocr_par' dir='ltr' id='par_1_35' title="bbox 935 1076 1647 1285">
     <span class='ocr_line' id='line_1_86' title="bbox 935 1076 1647 1118; baseline -0.003 -12"><span class='ocrx_word' id='word_1_489' title='bbox 935 1077 1134 1118; x_wconf 65' lang='grc' dir='ltr'>ξκμαρτυξείν]</span> <span class='ocrx_word' id='word_1_490' title='bbox 1167 1076 1457 1117; x_wconf 66' lang='grc' dir='ltr'>ΕκμάξΊἿ-Ιξησάμενῦς</span> <span class='ocrx_word' id='word_1_491' title='bbox 1486 1086 1552 1115; x_wconf 65' lang='grc' dir='ltr'>πζος</span> <span class='ocrx_word' id='word_1_492' title='bbox 1581 1087 1647 1109; x_wconf 68' lang='grc' dir='ltr'>ΤΟῑλς</span> 
     </span>
     <span class='ocr_line' id='line_1_87' title="bbox 978 1117 1646 1162; baseline -0.003 -13"><span class='ocrx_word' id='word_1_493' title='bbox 978 1120 1174 1162; x_wconf 76' lang='grc' dir='ltr'>ἐπιτυχόντας</span> <span class='ocrx_word' id='word_1_494' title='bbox 1190 1121 1237 1150; x_wconf 76' lang='grc' dir='ltr'>δύο</span> <span class='ocrx_word' id='word_1_495' title='bbox 1256 1132 1304 1150; x_wconf 90' lang='grc' dir='ltr'>την</span> <span class='ocrx_word' id='word_1_496' title='bbox 1323 1117 1513 1158; x_wconf 71' lang='grc' dir='ltr'>ἐκμαρτυρίαν</span> <span class='ocrx_word' id='word_1_497' title='bbox 1528 1118 1646 1148; x_wconf 84' lang='grc' dir='ltr'>ταύτην.</span> 
     </span>
     <span class='ocr_line' id='line_1_88' title="bbox 978 1161 1646 1197; baseline -0.003 -5"><span class='ocrx_word' id='word_1_498' title='bbox 978 1174 1045 1192; x_wconf 90' lang='lat' dir='ltr'>cum</span> <span class='ocrx_word' id='word_1_499' title='bbox 1063 1170 1199 1192; x_wconf 73' lang='lat' dir='ltr'>curasset</span> <span class='ocrx_word' id='word_1_500' title='bbox 1215 1173 1315 1192; x_wconf 82' lang='lat' dir='ltr'>coram</span> <span class='ocrx_word' id='word_1_501' title='bbox 1333 1163 1453 1190; x_wconf 82' lang='lat' dir='ltr'>duobus</span> <span class='ocrx_word' id='word_1_502' title='bbox 1466 1161 1577 1197; x_wconf 82' lang='lat' dir='ltr'>obviis,</span> <span class='ocrx_word' id='word_1_503' title='bbox 1591 1162 1646 1190; x_wconf 82' lang='lat' dir='ltr'>tri-</span> 
     </span>
     <span class='ocr_line' id='line_1_89' title="bbox 979 1204 1643 1235; baseline -0.002 0"><span class='ocrx_word' id='word_1_504' title='bbox 979 1206 1111 1235; x_wconf 68' lang='lat' dir='ltr'>vialibus</span> <span class='ocrx_word' id='word_1_505' title='bbox 1142 1207 1273 1235; x_wconf 79' lang='lat' dir='ltr'>testibus</span> <span class='ocrx_word' id='word_1_506' title='bbox 1304 1206 1361 1234; x_wconf 76' lang='lat' dir='ltr'>lioc</span> <span class='ocrx_word' id='word_1_507' title='bbox 1391 1204 1643 1234; x_wconf 80' lang='lat' dir='ltr'>extestimonium</span> 
     </span>
     <span class='ocr_line' id='line_1_90' title="bbox 979 1249 1279 1285; baseline 0 -8"><span class='ocrx_word' id='word_1_508' title='bbox 979 1249 1037 1278; x_wconf 87' lang='lat' dir='ltr'>sibi</span> <span class='ocrx_word' id='word_1_509' title='bbox 1055 1249 1160 1278; x_wconf 82' lang='lat' dir='ltr'>scribi.</span> <span class='ocrx_word' id='word_1_510' title='bbox 1178 1251 1232 1285; x_wconf 89' lang='lat'>31,</span> <span class='ocrx_word' id='word_1_511' title='bbox 1249 1251 1279 1278; x_wconf 87' lang='grc'>8.</span> 
     </span>
    </p>

    <p class='ocr_par' dir='ltr' id='par_1_36' title="bbox 935 1289 1646 1504">
     <span class='ocr_line' id='line_1_91' title="bbox 935 1289 1646 1332; baseline -0.001 -11"><span class='ocrx_word' id='word_1_512' title='bbox 935 1289 1122 1332; x_wconf 73' lang='grc' dir='ltr'>ἐκμαρτυρίαι.</span> <span class='ocrx_word' id='word_1_513' title='bbox 1141 1291 1349 1321; x_wconf 81' lang='lat' dir='ltr'>testimonium</span> <span class='ocrx_word' id='word_1_514' title='bbox 1368 1289 1517 1324; x_wconf 78' lang='lat' dir='ltr'>absentis,</span> <span class='ocrx_word' id='word_1_515' title='bbox 1534 1290 1646 1329; x_wconf 88' lang='lat' dir='ltr'>quibus</span> 
     </span>
     <span class='ocr_line' id='line_1_92' title="bbox 978 1333 1645 1373; baseline -0.001 -9"><span class='ocrx_word' id='word_1_516' title='bbox 978 1335 1008 1364; x_wconf 90' lang='lat' dir='ltr'>in</span> <span class='ocrx_word' id='word_1_517' title='bbox 1035 1335 1139 1364; x_wconf 84' lang='lat' dir='ltr'>causis</span> <span class='ocrx_word' id='word_1_518' title='bbox 1163 1335 1333 1373; x_wconf 76' lang='lat' dir='ltr'>legitimum</span> <span class='ocrx_word' id='word_1_519' title='bbox 1361 1338 1392 1362; x_wconf 87' lang='lat' dir='ltr'>et</span> <span class='ocrx_word' id='word_1_520' title='bbox 1417 1337 1514 1362; x_wconf 86' lang='lat' dir='ltr'>ratum</span> <span class='ocrx_word' id='word_1_521' title='bbox 1542 1333 1645 1363; x_wconf 84' lang='lat' dir='ltr'>fuerit.</span> 
     </span>
     <span class='ocr_line' id='line_1_93' title="bbox 978 1375 1645 1417; baseline -0.003 -9"><span class='ocrx_word' id='word_1_522' title='bbox 978 1380 1034 1413; x_wconf 82' lang='lat'>26,</span> <span class='ocrx_word' id='word_1_523' title='bbox 1055 1380 1085 1407; x_wconf 85' lang='lat'>4.</span> <span class='ocrx_word' id='word_1_524' title='bbox 1108 1377 1296 1417; x_wconf 77' lang='grc' dir='ltr'>ἐκμαρτυρίαν</span> <span class='ocrx_word' id='word_1_525' title='bbox 1320 1375 1345 1406; x_wconf 87' lang='grc' dir='ltr'>ἐν</span> <span class='ocrx_word' id='word_1_526' title='bbox 1366 1376 1452 1405; x_wconf 75' lang='grc' dir='ltr'>ἄστει</span> <span class='ocrx_word' id='word_1_527' title='bbox 1474 1376 1645 1415; x_wconf 83' lang='grc' dir='ltr'>ποιούμενος.</span> 
     </span>
     <span class='ocr_line' id='line_1_94' title="bbox 981 1419 1646 1458; baseline -0.003 -7"><span class='ocrx_word' id='word_1_528' title='bbox 981 1423 1033 1456; x_wconf 82' lang='lat'>29,</span> <span class='ocrx_word' id='word_1_529' title='bbox 1047 1421 1100 1450; x_wconf 84' lang='lat' dir='ltr'>ult.</span> <span class='ocrx_word' id='word_1_530' title='bbox 1118 1422 1196 1450; x_wconf 80' lang='lat' dir='ltr'>sacta</span> <span class='ocrx_word' id='word_1_531' title='bbox 1208 1421 1271 1450; x_wconf 81' lang='lat' dir='ltr'>vita</span> <span class='ocrx_word' id='word_1_532' title='bbox 1281 1419 1417 1449; x_wconf 79' lang='lat' dir='ltr'>defuncti</span> <span class='ocrx_word' id='word_1_533' title='bbox 1431 1419 1567 1458; x_wconf 81' lang='lat' dir='ltr'>appellat</span> <span class='ocrx_word' id='word_1_534' title='bbox 1578 1421 1646 1458; x_wconf 86' lang='lat' dir='ltr'>ejus</span> 
     </span>
     <span class='ocr_line' id='line_1_95' title="bbox 980 1461 1322 1504; baseline 0 -12"><span class='ocrx_word' id='word_1_535' title='bbox 980 1461 1182 1504; x_wconf 81' lang='grc' dir='ltr'>ἐκμαρτυρίας.</span> <span class='ocrx_word' id='word_1_536' title='bbox 1199 1466 1251 1498; x_wconf 85' lang='lat'>63,</span> <span class='ocrx_word' id='word_1_537' title='bbox 1267 1463 1322 1492; x_wconf 82' lang='lat' dir='ltr'>ult.</span> 
     </span>
    </p>

    <p class='ocr_par' dir='ltr' id='par_1_37' title="bbox 936 1503 1648 1708">
     <span class='ocr_line' id='line_1_96' title="bbox 936 1503 1645 1547; baseline 0.001 -13"><span class='ocrx_word' id='word_1_538' title='bbox 936 1504 1139 1547; x_wconf 83' lang='grc' dir='ltr'>ἐκπέμπειν]’</span> <span class='ocrx_word' id='word_1_539' title='bbox 1131 1518 1176 1536; x_wconf 85' lang='grc' dir='ltr'>εαν</span> <span class='ocrx_word' id='word_1_540' title='bbox 1191 1507 1202 1536; x_wconf 82' lang='grc' dir='ltr'><strong><em>ὁ</em></strong></span> <span class='ocrx_word' id='word_1_541' title='bbox 1217 1507 1279 1546; x_wconf 77' lang='grc' dir='ltr'>ἰινῆρ</span> <span class='ocrx_word' id='word_1_542' title='bbox 1294 1517 1342 1535; x_wconf 89' lang='grc' dir='ltr'>την</span> <span class='ocrx_word' id='word_1_543' title='bbox 1357 1506 1474 1542; x_wconf 71' lang='grc' dir='ltr'>γυναῖκα</span> <span class='ocrx_word' id='word_1_544' title='bbox 1486 1503 1645 1546; x_wconf 70' lang='grc' dir='ltr'>ἐκπέμωη.</span> 
     </span>
     <span class='ocr_line' id='line_1_97' title="bbox 981 1549 1645 1588; baseline -0.003 -9"><span class='ocrx_word' id='word_1_545' title='bbox 981 1551 1072 1579; x_wconf 87' lang='lat' dir='ltr'>domo</span> <span class='ocrx_word' id='word_1_546' title='bbox 1092 1550 1240 1588; x_wconf 83' lang='lat' dir='ltr'>expellat,</span> <span class='ocrx_word' id='word_1_547' title='bbox 1257 1549 1410 1588; x_wconf 72' lang='lat' dir='ltr'>repudiet.</span> <span class='ocrx_word' id='word_1_548' title='bbox 1426 1549 1479 1583; x_wconf 88' lang='lat'>38,</span> <span class='ocrx_word' id='word_1_549' title='bbox 1496 1551 1527 1579; x_wconf 89' lang='grc'>2.</span> <span class='ocrx_word' id='word_1_550' title='bbox 1546 1551 1595 1578; x_wconf 84' lang='grc'>39.</span> <span class='ocrx_word' id='word_1_551' title='bbox 1614 1552 1645 1579; x_wconf 88' lang='grc'>1.</span> 
     </span>
     <span class='ocr_line' id='line_1_98' title="bbox 980 1592 1645 1628; baseline -0.003 -6"><span class='ocrx_word' id='word_1_552' title='bbox 980 1603 1104 1622; x_wconf 83' lang='lat' dir='ltr'>servum</span> <span class='ocrx_word' id='word_1_553' title='bbox 1121 1593 1210 1628; x_wconf 88' lang='lat' dir='ltr'>clam,</span> <span class='ocrx_word' id='word_1_554' title='bbox 1229 1593 1331 1622; x_wconf 81' lang='lat' dir='ltr'>furtim</span> <span class='ocrx_word' id='word_1_555' title='bbox 1348 1602 1386 1620; x_wconf 85' lang='lat' dir='ltr'>ex</span> <span class='ocrx_word' id='word_1_556' title='bbox 1405 1592 1479 1620; x_wconf 88' lang='lat' dir='ltr'>urbe</span> <span class='ocrx_word' id='word_1_557' title='bbox 1496 1592 1645 1627; x_wconf 82' lang='lat' dir='ltr'>emittere,</span> 
     </span>
     <span class='ocr_line' id='line_1_99' title="bbox 980 1635 1648 1676; baseline 0.003 -12"><span class='ocrx_word' id='word_1_558' title='bbox 980 1635 1039 1665; x_wconf 90' lang='lat' dir='ltr'>alio</span> <span class='ocrx_word' id='word_1_559' title='bbox 1053 1636 1208 1676; x_wconf 83' lang='lat' dir='ltr'>ablegare,</span> <span class='ocrx_word' id='word_1_560' title='bbox 1219 1646 1256 1665; x_wconf 89' lang='lat' dir='ltr'>ne</span> <span class='ocrx_word' id='word_1_561' title='bbox 1273 1638 1422 1664; x_wconf 75' lang='lat' dir='ltr'>secretum</span> <span class='ocrx_word' id='word_1_562' title='bbox 1437 1635 1557 1673; x_wconf 82' lang='lat' dir='ltr'>prodat.</span> <span class='ocrx_word' id='word_1_563' title='bbox 1573 1636 1648 1670; x_wconf 84' lang='lat'>226,</span> 
     </span>
     <span class='ocr_line' id='line_1_100' title="bbox 980 1679 1036 1708; baseline 0.018 -1"><span class='ocrx_word' id='word_1_564' title='bbox 980 1679 1036 1708; x_wconf 84' lang='lat' dir='ltr'>ult.</span> 
     </span>
    </p>

    <p class='ocr_par' dir='ltr' id='par_1_38' title="bbox 936 1721 1647 1798">
     <span class='ocr_line' id='line_1_101' title="bbox 936 1721 1647 1758; baseline 0 -7"><span class='ocrx_word' id='word_1_565' title='bbox 936 1721 1061 1752; x_wconf 81' lang='grc' dir='ltr'>ἐκπλεῖν.</span> <span class='ocrx_word' id='word_1_566' title='bbox 1077 1724 1151 1758; x_wconf 85' lang='grc'><strong>129,</strong></span> <span class='ocrx_word' id='word_1_567' title='bbox 1166 1724 1199 1752; x_wconf 84' lang='grc'>3.</span> <span class='ocrx_word' id='word_1_568' title='bbox 1217 1722 1292 1756; x_wconf 86' lang='grc'><strong>233,</strong></span> <span class='ocrx_word' id='word_1_569' title='bbox 1306 1722 1335 1750; x_wconf 87' lang='grc'>8.</span> <span class='ocrx_word' id='word_1_570' title='bbox 1352 1722 1427 1755; x_wconf 82' lang='grc'><strong>237,</strong></span> <span class='ocrx_word' id='word_1_571' title='bbox 1441 1724 1493 1751; x_wconf 89' lang='grc'>10.</span> <span class='ocrx_word' id='word_1_572' title='bbox 1506 1722 1582 1757; x_wconf 84' lang='grc'><strong>238,</strong></span> <span class='ocrx_word' id='word_1_573' title='bbox 1593 1721 1647 1751; x_wconf 85' lang='lat' dir='ltr'>ult.</span> 
     </span>
     <span class='ocr_line' id='line_1_102' title="bbox 980 1766 1122 1798; baseline 0 -4"><span class='ocrx_word' id='word_1_574' title='bbox 980 1766 1055 1798; x_wconf 86' lang='lat'>274,</span> <span class='ocrx_word' id='word_1_575' title='bbox 1070 1768 1122 1795; x_wconf 89' lang='grc'>20.</span> 
     </span>
    </p>

    <p class='ocr_par' dir='ltr' id='par_1_39' title="bbox 937 1806 1648 1883">
     <span class='ocr_line' id='line_1_103' title="bbox 937 1806 1648 1846; baseline -0.001 -9"><span class='ocrx_word' id='word_1_576' title='bbox 937 1807 1067 1838; x_wconf 79' lang='grc' dir='ltr'>ἐκποιεῖν.</span> <span class='ocrx_word' id='word_1_577' title='bbox 1090 1808 1182 1837; x_wconf 83' lang='lat' dir='ltr'>filium</span> <span class='ocrx_word' id='word_1_578' title='bbox 1206 1807 1236 1836; x_wconf 88' lang='lat' dir='ltr'>in</span> <span class='ocrx_word' id='word_1_579' title='bbox 1256 1806 1384 1836; x_wconf 86' lang='lat' dir='ltr'>alienam</span> <span class='ocrx_word' id='word_1_580' title='bbox 1409 1807 1531 1836; x_wconf 90' lang='lat' dir='ltr'>domum</span> <span class='ocrx_word' id='word_1_581' title='bbox 1555 1817 1571 1836; x_wconf 86' lang='lat' dir='ltr'>e</span> <span class='ocrx_word' id='word_1_582' title='bbox 1597 1817 1648 1846; x_wconf 84' lang='lat' dir='ltr'>pa-</span> 
     </span>
     <span class='ocr_line' id='line_1_104' title="bbox 983 1851 1353 1883; baseline -0.005 -3"><span class='ocrx_word' id='word_1_583' title='bbox 983 1857 1070 1880; x_wconf 88' lang='lat' dir='ltr'>terna</span> <span class='ocrx_word' id='word_1_584' title='bbox 1085 1851 1217 1880; x_wconf 85' lang='lat' dir='ltr'>elocare.</span> <span class='ocrx_word' id='word_1_585' title='bbox 1234 1852 1309 1883; x_wconf 83' lang='lat'>177,</span> <span class='ocrx_word' id='word_1_586' title='bbox 1321 1853 1353 1881; x_wconf 83' lang='lat'>5.</span> 
     </span>
    </p>

    <p class='ocr_par' dir='ltr' id='par_1_40' title="bbox 940 1892 1650 2103">
     <span class='ocr_line' id='line_1_105' title="bbox 940 1892 1649 1931; baseline -0.001 -9"><span class='ocrx_word' id='word_1_587' title='bbox 940 1892 1093 1927; x_wconf 83' lang='grc' dir='ltr'>ἐκποίητος.</span> <span class='ocrx_word' id='word_1_588' title='bbox 1106 1893 1258 1931; x_wconf 84' lang='lat' dir='ltr'>ejusmodi</span> <span class='ocrx_word' id='word_1_589' title='bbox 1273 1893 1352 1922; x_wconf 84' lang='lat' dir='ltr'>filius</span> <span class='ocrx_word' id='word_1_590' title='bbox 1366 1893 1516 1921; x_wconf 81' lang='lat' dir='ltr'>eloeatus.</span> <span class='ocrx_word' id='word_1_591' title='bbox 1532 1894 1607 1927; x_wconf 90' lang='lat'>176,</span> <span class='ocrx_word' id='word_1_592' title='bbox 1619 1893 1649 1921; x_wconf 89' lang='grc'>2.</span> 
     </span>
     <span class='ocr_line' id='line_1_106' title="bbox 982 1934 1650 1976; baseline -0.006 -10"><span class='ocrx_word' id='word_1_593' title='bbox 982 1936 1090 1976; x_wconf 77' lang='grc' dir='ltr'>μητρὸς</span> <span class='ocrx_word' id='word_1_594' title='bbox 1105 1935 1188 1970; x_wconf 77' lang='grc' dir='ltr'>οὐδείς</span> <span class='ocrx_word' id='word_1_595' title='bbox 1204 1934 1282 1964; x_wconf 82' lang='grc' dir='ltr'>ἐστιν</span> <span class='ocrx_word' id='word_1_596' title='bbox 1294 1934 1449 1969; x_wconf 81' lang='grc' dir='ltr'>ἐκποίητος.</span> <span class='ocrx_word' id='word_1_597' title='bbox 1469 1937 1541 1970; x_wconf 90' lang='grc'><strong>177,</strong></span> <span class='ocrx_word' id='word_1_598' title='bbox 1557 1937 1589 1965; x_wconf 84' lang='grc'>3.</span> <span class='ocrx_word' id='word_1_599' title='bbox 1607 1935 1650 1963; x_wconf 81' lang='grc' dir='ltr'>οὐ·</span> 
     </span>
     <span class='ocr_line' id='line_1_107' title="bbox 982 1977 1650 2017; baseline -0.003 -10"><span class='ocrx_word' id='word_1_600' title='bbox 982 1979 1035 2011; x_wconf 70' lang='grc' dir='ltr'>δεῖς</span> <span class='ocrx_word' id='word_1_601' title='bbox 1061 1980 1179 2009; x_wconf 79' lang='grc' dir='ltr'>πώποτε</span> <span class='ocrx_word' id='word_1_602' title='bbox 1208 1977 1354 2011; x_wconf 83' lang='grc' dir='ltr'>ἐκποίητος</span> <span class='ocrx_word' id='word_1_603' title='bbox 1375 1977 1575 2017; x_wconf 80' lang='grc' dir='ltr'>ἐκληρονόμησε</span> <span class='ocrx_word' id='word_1_604' title='bbox 1599 1977 1650 2005; x_wconf 80' lang='grc' dir='ltr'>τοῦ</span> 
     </span>
     <span class='ocr_line' id='line_1_108' title="bbox 982 2019 1650 2061; baseline 0 -12"><span class='ocrx_word' id='word_1_605' title='bbox 982 2021 1065 2056; x_wconf 80' lang='grc' dir='ltr'>οἴκου,</span> <span class='ocrx_word' id='word_1_606' title='bbox 1088 2020 1153 2050; x_wconf 58' lang='grc' dir='ltr'>ὅθεν</span> <span class='ocrx_word' id='word_1_607' title='bbox 1178 2019 1331 2059; x_wconf 69' lang='grc' dir='ltr'>ἐξεποιήθη,</span> <span class='ocrx_word' id='word_1_608' title='bbox 1358 2019 1405 2050; x_wconf 71' lang='grc' dir='ltr'>ἐὰν</span> <span class='ocrx_word' id='word_1_609' title='bbox 1428 2023 1470 2060; x_wconf 73' lang='grc' dir='ltr'>μὴ</span> <span class='ocrx_word' id='word_1_610' title='bbox 1497 2019 1650 2061; x_wconf 59' lang='grc' dir='ltr'>ἐπανέλθῃ</span> 
     </span>
     <span class='ocr_line' id='line_1_109' title="bbox 983 2064 1369 2103; baseline 0 -11"><span class='ocrx_word' id='word_1_611' title='bbox 983 2065 1062 2093; x_wconf 70' lang='grc' dir='ltr'>κατὰ</span> <span class='ocrx_word' id='word_1_612' title='bbox 1078 2064 1124 2093; x_wconf 74' lang='grc' dir='ltr'>τὸν</span> <span class='ocrx_word' id='word_1_613' title='bbox 1138 2064 1226 2103; x_wconf 84' lang='grc' dir='ltr'>νόμον.</span> <span class='ocrx_word' id='word_1_614' title='bbox 1245 2067 1320 2099; x_wconf 88' lang='grc'><strong>250,</strong></span> <span class='ocrx_word' id='word_1_615' title='bbox 1336 2064 1369 2092; x_wconf 91' lang='grc'>5.</span> 
     </span>
    </p>

    <p class='ocr_par' dir='ltr' id='par_1_41' title="bbox 939 2104 1228 2146">
     <span class='ocr_line' id='line_1_110' title="bbox 939 2104 1228 2146; baseline 0.007 -12"><span class='ocrx_word' id='word_1_616' title='bbox 939 2104 1090 2146; x_wconf 61' lang='grc' dir='ltr'>ἐκτρέφειν.</span> <span class='ocrx_word' id='word_1_617' title='bbox 1108 2110 1184 2141; x_wconf 82' lang='grc'><strong>252,</strong></span> <span class='ocrx_word' id='word_1_618' title='bbox 1198 2110 1228 2136; x_wconf 90' lang='grc'>7.</span> 
     </span>
    </p>

    <p class='ocr_par' dir='ltr' id='par_1_42' title="bbox 939 2147 1651 2228">
     <span class='ocr_line' id='line_1_111' title="bbox 939 2147 1651 2191; baseline -0.001 -13"><span class='ocrx_word' id='word_1_619' title='bbox 939 2148 1073 2191; x_wconf 79' lang='grc' dir='ltr'>ἐκφέρειν]</span> <span class='ocrx_word' id='word_1_620' title='bbox 1101 2149 1288 2190; x_wconf 77' lang='grc' dir='ltr'>ἐξενηνοχότες</span> <span class='ocrx_word' id='word_1_621' title='bbox 1314 2148 1364 2179; x_wconf 70' lang='grc' dir='ltr'>εἶεν</span> <span class='ocrx_word' id='word_1_622' title='bbox 1389 2150 1428 2184; x_wconf 85' lang='grc' dir='ltr'>εἰς</span> <span class='ocrx_word' id='word_1_623' title='bbox 1454 2150 1501 2179; x_wconf 75' lang='grc' dir='ltr'>τῆν</span> <span class='ocrx_word' id='word_1_624' title='bbox 1525 2147 1651 2178; x_wconf 63' lang='grc' dir='ltr'>πλησίον</span> 
     </span>
     <span class='ocr_line' id='line_1_112' title="bbox 983 2191 1217 2228; baseline 0 -6"><span class='ocrx_word' id='word_1_625' title='bbox 983 2191 1078 2222; x_wconf 88' lang='grc' dir='ltr'>οἰκίαν.</span> <span class='ocrx_word' id='word_1_626' title='bbox 1096 2197 1170 2228; x_wconf 85' lang='lat'>144,</span> <span class='ocrx_word' id='word_1_627' title='bbox 1185 2197 1217 2223; x_wconf 90' lang='lat'>4.</span> 
     </span>
    </p>

    <p class='ocr_par' dir='ltr' id='par_1_43' title="bbox 940 2233 1651 2361">
     <span class='ocr_line' id='line_1_113' title="bbox 940 2233 1650 2276; baseline -0.001 -12"><span class='ocrx_word' id='word_1_628' title='bbox 940 2233 1060 2275; x_wconf 74' lang='grc' dir='ltr'>ἐκφορεῖν</span> <span class='ocrx_word' id='word_1_629' title='bbox 1074 2236 1220 2276; x_wconf 70' lang='grc' dir='ltr'>χρήματα</span> <span class='ocrx_word' id='word_1_630' title='bbox 1238 2234 1268 2274; x_wconf 74' lang='grc' dir='ltr'>ἐξ</span> <span class='ocrx_word' id='word_1_631' title='bbox 1279 2233 1377 2267; x_wconf 86' lang='grc' dir='ltr'>οἰκίας.</span> <span class='ocrx_word' id='word_1_632' title='bbox 1393 2238 1467 2270; x_wconf 75' lang='grc'><strong>144,</strong></span> <span class='ocrx_word' id='word_1_633' title='bbox 1482 2238 1511 2265; x_wconf 93' lang='lat'>6.</span> <span class='ocrx_word' id='word_1_634' title='bbox 1530 2233 1605 2268; x_wconf 79' lang='lat'>145,</span> <span class='ocrx_word' id='word_1_635' title='bbox 1620 2238 1650 2263; x_wconf 86' lang='lat'>1.</span> 
     </span>
     <span class='ocr_line' id='line_1_114' title="bbox 983 2276 1651 2318; baseline -0.004 -11"><span class='ocrx_word' id='word_1_636' title='bbox 983 2285 1013 2308; x_wconf 75' lang='lat' dir='ltr'>et</span> <span class='ocrx_word' id='word_1_637' title='bbox 1037 2279 1071 2307; x_wconf 92' lang='lat' dir='ltr'>in.</span> <span class='ocrx_word' id='word_1_638' title='bbox 1088 2279 1189 2308; x_wconf 86' lang='lat' dir='ltr'>medio</span> <span class='ocrx_word' id='word_1_639' title='bbox 1213 2276 1400 2318; x_wconf 74' lang='grc' dir='ltr'>ἐκφορεῖσθαι.</span> <span class='ocrx_word' id='word_1_640' title='bbox 1431 2280 1505 2313; x_wconf 86' lang='grc'><strong>143,</strong></span> <span class='ocrx_word' id='word_1_641' title='bbox 1533 2280 1582 2306; x_wconf 85' lang='grc'>11.</span> <span class='ocrx_word' id='word_1_642' title='bbox 1610 2276 1651 2305; x_wconf 77' lang='grc' dir='ltr'>τοὶ</span> 
     </span>
     <span class='ocr_line' id='line_1_115' title="bbox 984 2320 1419 2361; baseline -0.002 -10"><span class='ocrx_word' id='word_1_643' title='bbox 984 2320 1208 2361; x_wconf 78' lang='grc' dir='ltr'>ἐκπεφορημένα.</span> <span class='ocrx_word' id='word_1_644' title='bbox 1226 2323 1300 2355; x_wconf 81' lang='lat'>143,</span> <span class='ocrx_word' id='word_1_645' title='bbox 1317 2327 1419 2361; x_wconf 81' lang='lat' dir='ltr'>antep</span> 
     </span>
    </p>

    <p class='ocr_par' dir='ltr' id='par_1_44' title="bbox 940 2362 1652 2480">
     <span class='ocr_line' id='line_1_116' title="bbox 940 2362 1652 2404; baseline -0.004 -10"><span class='ocrx_word' id='word_1_646' title='bbox 940 2363 1087 2404; x_wconf 78' lang='grc' dir='ltr'>ἐλάττων]</span> <span class='ocrx_word' id='word_1_647' title='bbox 1113 2365 1141 2394; x_wconf 83' lang='grc' dir='ltr'>οὐ</span> <span class='ocrx_word' id='word_1_648' title='bbox 1166 2362 1266 2393; x_wconf 87' lang='grc' dir='ltr'>δίκαιον</span> <span class='ocrx_word' id='word_1_649' title='bbox 1289 2375 1371 2403; x_wconf 89' lang='grc' dir='ltr'>οιμαι</span> <span class='ocrx_word' id='word_1_650' title='bbox 1397 2370 1463 2394; x_wconf 81' lang='grc' dir='ltr'>εἰναι</span> <span class='ocrx_word' id='word_1_651' title='bbox 1493 2363 1538 2392; x_wconf 88' lang='grc' dir='ltr'>δια</span> <span class='ocrx_word' id='word_1_652' title='bbox 1566 2374 1652 2391; x_wconf 84' lang='grc' dir='ltr'>τουτο</span> 
     </span>
     <span class='ocr_line' id='line_1_117' title="bbox 984 2402 1652 2448; baseline -0.004 -11"><span class='ocrx_word' id='word_1_653' title='bbox 984 2407 1106 2438; x_wconf 78' lang='grc' dir='ltr'>ἔλαττον</span> <span class='ocrx_word' id='word_1_654' title='bbox 1126 2406 1211 2448; x_wconf 79' lang='grc' dir='ltr'>ἔχειν.</span> <span class='ocrx_word' id='word_1_655' title='bbox 1234 2409 1380 2442; x_wconf 86' lang='grc'><strong>264,12.</strong></span> <span class='ocrx_word' id='word_1_656' title='bbox 1404 2407 1466 2447; x_wconf 82' lang='grc' dir='ltr'>περῖ</span> <span class='ocrx_word' id='word_1_657' title='bbox 1491 2402 1652 2447; x_wconf 83' lang='grc' dir='ltr'>ἐλαχίστου</span> 
     </span>
     <span class='ocr_line' id='line_1_118' title="bbox 984 2451 1283 2484; baseline 0.003 -5"><span class='ocrx_word' id='word_1_658' title='bbox 984 2451 1145 2480; x_wconf 66' lang='grc' dir='ltr'>ποιεῖσθαι.</span> <span class='ocrx_word' id='word_1_659' title='bbox 1168 2452 1203 2480; x_wconf 90' lang='grc'>12</span> <span class='ocrx_word' id='word_1_660' title='bbox 1209 2452 1283 2484; x_wconf 81' lang='lat'>‚13-</span> 
     </span>
    </p>

    <p class='ocr_par' dir='ltr' id='par_1_45' title="bbox 941 2493 1391 2534">
     <span class='ocr_line' id='line_1_119' title="bbox 941 2493 1391 2534; baseline 0 -12"><span class='ocrx_word' id='word_1_661' title='bbox 941 2493 1062 2534; x_wconf 83' lang='grc' dir='ltr'>ἔλεγχος</span> <span class='ocrx_word' id='word_1_662' title='bbox 1077 2494 1138 2532; x_wconf 83' lang='grc' dir='ltr'>περὶ</span> <span class='ocrx_word' id='word_1_663' title='bbox 1155 2495 1275 2533; x_wconf 72' lang='grc' dir='ltr'>ἀφανᾶν.</span> <span class='ocrx_word' id='word_1_664' title='bbox 1293 2495 1345 2527; x_wconf 90' lang='grc'>80,</span> <span class='ocrx_word' id='word_1_665' title='bbox 1361 2494 1391 2522; x_wconf 87' lang='grc'>8.</span> 
     </span>
    </p>

    <p class='ocr_par' dir='ltr' id='par_1_46' title="bbox 941 2534 1653 2614">
     <span class='ocr_line' id='line_1_120' title="bbox 941 2534 1653 2566; baseline -0.003 -1"><span class='ocrx_word' id='word_1_666' title='bbox 941 2535 1035 2566; x_wconf 79' lang='grc' dir='ltr'>ἐλεεῖν.</span> <span class='ocrx_word' id='word_1_667' title='bbox 1060 2536 1198 2566; x_wconf 74' lang='lat' dir='ltr'>oratione</span> <span class='ocrx_word' id='word_1_668' title='bbox 1221 2536 1390 2566; x_wconf 83' lang='lat' dir='ltr'>miserabili</span> <span class='ocrx_word' id='word_1_669' title='bbox 1414 2534 1653 2565; x_wconf 83' lang='lat' dir='ltr'>commiseratio-</span> 
     </span>
     <span class='ocr_line' id='line_1_121' title="bbox 985 2580 1301 2614; baseline 0 -6"><span class='ocrx_word' id='word_1_670' title='bbox 985 2590 1052 2609; x_wconf 79' lang='lat' dir='ltr'>nem</span> <span class='ocrx_word' id='word_1_671' title='bbox 1070 2580 1162 2609; x_wconf 79' lang='lat' dir='ltr'>ciere.</span> <span class='ocrx_word' id='word_1_672' title='bbox 1181 2581 1254 2614; x_wconf 80' lang='grc'><strong>266,</strong></span> <span class='ocrx_word' id='word_1_673' title='bbox 1269 2580 1301 2609; x_wconf 85' lang='grc'>5.</span> 
     </span>
    </p>

    <p class='ocr_par' dir='ltr' id='par_1_47' title="bbox 942 2620 1651 2696">
     <span class='ocr_line' id='line_1_122' title="bbox 942 2620 1651 2662; baseline -0.004 -10"><span class='ocrx_word' id='word_1_674' title='bbox 942 2622 1032 2662; x_wconf 85' lang='grc' dir='ltr'>ἐ’λεος]</span> <span class='ocrx_word' id='word_1_675' title='bbox 1058 2621 1136 2652; x_wconf 83' lang='grc' dir='ltr'>ἐλέου</span> <span class='ocrx_word' id='word_1_676' title='bbox 1162 2621 1228 2662; x_wconf 81' lang='grc' dir='ltr'>παρ’</span> <span class='ocrx_word' id='word_1_677' title='bbox 1253 2621 1338 2651; x_wconf 78' lang='grc' dir='ltr'>αὐτοῦ</span> <span class='ocrx_word' id='word_1_678' title='bbox 1363 2620 1478 2662; x_wconf 83' lang='grc' dir='ltr'>ἔτυχεν.</span> <span class='ocrx_word' id='word_1_679' title='bbox 1501 2623 1554 2656; x_wconf 85' lang='grc'>92,</span> <span class='ocrx_word' id='word_1_680' title='bbox 1579 2630 1651 2659; x_wconf 82' lang='lat' dir='ltr'>pen.</span> 
     </span>
     <span class='ocr_line' id='line_1_123' title="bbox 985 2666 1131 2700; baseline -0.022 -4"><span class='ocrx_word' id='word_1_681' title='bbox 985 2668 1060 2700; x_wconf 82' lang='lat'>290,</span> <span class='ocrx_word' id='word_1_682' title='bbox 1077 2666 1131 2695; x_wconf 80' lang='lat' dir='ltr'>ult.</span> 
     </span>
    </p>

    <p class='ocr_par' dir='ltr' id='par_1_48' title="bbox 942 2705 1652 2749">
     <span class='ocr_line' id='line_1_124' title="bbox 942 2705 1652 2749; baseline -0.006 -11"><span class='ocrx_word' id='word_1_683' title='bbox 942 2707 1102 2749; x_wconf 65' lang='grc' dir='ltr'>ἐλευθερία]</span> <span class='ocrx_word' id='word_1_684' title='bbox 1118 2706 1286 2748; x_wconf 77' lang='grc' dir='ltr'>ἐξαιρεισθαι</span> <span class='ocrx_word' id='word_1_685' title='bbox 1303 2707 1341 2741; x_wconf 84' lang='grc' dir='ltr'>εἰς</span> <span class='ocrx_word' id='word_1_686' title='bbox 1355 2705 1516 2746; x_wconf 77' lang='grc' dir='ltr'>ἐλευθερίαν.</span> <span class='ocrx_word' id='word_1_687' title='bbox 1534 2707 1652 2739; x_wconf 87' lang='lat'>310,1.</span> 
     </span>
    </p>

    <p class='ocr_par' dir='ltr' id='par_1_49' title="bbox 942 2747 1652 2824">
     <span class='ocr_line' id='line_1_125' title="bbox 942 2747 1652 2791; baseline -0.007 -10"><span class='ocrx_word' id='word_1_688' title='bbox 942 2750 1078 2791; x_wconf 75' lang='grc' dir='ltr'>ἐλεύθερος</span> <span class='ocrx_word' id='word_1_689' title='bbox 1090 2753 1196 2790; x_wconf 79' lang='grc' dir='ltr'>κληρος.</span> <span class='ocrx_word' id='word_1_690' title='bbox 1211 2751 1309 2780; x_wconf 84' lang='lat' dir='ltr'>libera</span> <span class='ocrx_word' id='word_1_691' title='bbox 1323 2750 1435 2780; x_wconf 79' lang='lat' dir='ltr'>debitis</span> <span class='ocrx_word' id='word_1_692' title='bbox 1451 2747 1652 2778; x_wconf 81' lang='lat' dir='ltr'>incumbenti-</span> 
     </span>
     <span class='ocr_line' id='line_1_126' title="bbox 988 2796 1194 2829; baseline 0.005 -6"><span class='ocrx_word' id='word_1_693' title='bbox 988 2796 1056 2824; x_wconf 87' lang='lat' dir='ltr'>bus.</span> <span class='ocrx_word' id='word_1_694' title='bbox 1073 2796 1148 2829; x_wconf 89' lang='lat'>264,</span> <span class='ocrx_word' id='word_1_695' title='bbox 1162 2796 1194 2824; x_wconf 89' lang='grc'>5.</span> 
     </span>
    </p>

    <p class='ocr_par' dir='ltr' id='par_1_50' title="bbox 944 2831 1654 3000">
     <span class='ocr_line' id='line_1_127' title="bbox 944 2831 1654 2875; baseline -0.01 -8"><span class='ocrx_word' id='word_1_696' title='bbox 944 2837 1074 2875; x_wconf 90' lang='lat' dir='ltr'>Ellipsis</span> <span class='ocrx_word' id='word_1_697' title='bbox 1107 2836 1249 2866; x_wconf 87' lang='lat' dir='ltr'>vocabuli</span> <span class='ocrx_word' id='word_1_698' title='bbox 1277 2835 1372 2866; x_wconf 81' lang='grc' dir='ltr'>πλέον.</span> <span class='ocrx_word' id='word_1_699' title='bbox 1397 2833 1426 2862; x_wconf 84' lang='grc' dir='ltr'>τί</span> <span class='ocrx_word' id='word_1_700' title='bbox 1454 2835 1508 2872; x_wconf 85' lang='grc' dir='ltr'>γαρ</span> <span class='ocrx_word' id='word_1_701' title='bbox 1534 2831 1654 2870; x_wconf 78' lang='grc' dir='ltr'>ἐ’μελλεν</span> 
     </span>
     <span class='ocr_line' id='line_1_128' title="bbox 986 2874 1651 2918; baseline -0.011 -8"><span class='ocrx_word' id='word_1_702' title='bbox 986 2879 1051 2910; x_wconf 80' lang='grc' dir='ltr'>εἰναι</span> <span class='ocrx_word' id='word_1_703' title='bbox 1072 2891 1122 2913; x_wconf 78' lang='grc' dir='ltr'>της</span> <span class='ocrx_word' id='word_1_704' title='bbox 1142 2879 1253 2918; x_wconf 83' lang='grc' dir='ltr'>ἐγγύης.</span> <span class='ocrx_word' id='word_1_705' title='bbox 1273 2879 1345 2917; x_wconf 85' lang='lat' dir='ltr'>quid</span> <span class='ocrx_word' id='word_1_706' title='bbox 1370 2877 1413 2906; x_wconf 87' lang='lat' dir='ltr'>illi</span> <span class='ocrx_word' id='word_1_707' title='bbox 1437 2875 1578 2916; x_wconf 78' lang='lat' dir='ltr'>proderat</span> <span class='ocrx_word' id='word_1_708' title='bbox 1598 2874 1651 2903; x_wconf 84' lang='lat' dir='ltr'>de-</span> 
     </span>
     <span class='ocr_line' id='line_1_129' title="bbox 989 2917 1652 2963; baseline -0.014 -10"><span class='ocrx_word' id='word_1_709' title='bbox 989 2924 1152 2963; x_wconf 79' lang='lat' dir='ltr'>spondisse</span> <span class='ocrx_word' id='word_1_710' title='bbox 1180 2922 1336 2952; x_wconf 84' lang='lat' dir='ltr'>mulierem</span> <span class='ocrx_word' id='word_1_711' title='bbox 1381 2918 1601 2953; x_wconf 74' lang='lat' dir='ltr'>-.›s‚=1lt.aut</span> <span class='ocrx_word' id='word_1_712' title='bbox 1627 2917 1652 2946; x_wconf 80' lang='lat' dir='ltr'>si</span> 
     </span>
     <span class='ocr_line' id='line_1_130' title="bbox 987 2960 1652 3001; baseline -0.012 -4"><span class='ocrx_word' id='word_1_713' title='bbox 987 2966 1085 2997; x_wconf 66' lang='lat' dir='ltr'>masis</span> <span class='ocrx_word' id='word_1_714' title='bbox 1121 2965 1274 3000; x_wconf 76' lang='lat' dir='ltr'>arbitrari,</span> <span class='ocrx_word' id='word_1_715' title='bbox 1310 2960 1551 3001; x_wconf 75' lang='lat' dir='ltr'>subaudiendum</span> <span class='ocrx_word' id='word_1_716' title='bbox 1585 2970 1652 2989; x_wconf 74' lang='lat' dir='ltr'>esso</span> 
     </span>
    </p>
   </div>
  </div>
 </body>
</html>
