1981 3255
704 167 1091 210 FRAGMENTA.
1535 163 1611 206 481

175 285 340 324 Athenis
362 288 629 328 removentem,
649 288 908 320 accusaverat.
932 280 980 318 V.
1001 293 1036 317 c.
1060 280 1196 316 Leocr.
1221 292 1255 315 c.
1277 284 1338 316 13.
1385 280 1475 316 Erat
1502 278 1614 327 igitur

175 359 222 384 ea
254 358 368 384 causa
394 345 631 392 εἰσαγγελία,
661 351 704 380 ut
731 342 834 380 actio
863 355 897 379 c.
929 341 1168 383 Leocratem‚
1200 339 1306 388 quod
1337 345 1439 376 recte
1467 338 1614 376 monuit

175 414 279 446 auct.
301 404 500 444 Summarii
519 405 557 442 h.
578 405 649 442 Or.
679 404 821 441 Iterum
846 416 929 440 eam
957 401 1129 439 laudavit
1150 401 1342 450 Harpocr.
1362 415 1397 437 v.
1417 405 1513 450 ἠρία,
1535 413 1614 450 qno

174 481 264 508 usus
290 468 337 505 sit
357 468 502 505 Orator
519 479 591 517 pro
610 466 642 503 οἱ
661 470 783 518 τάφοι.
815 464 987 515 Hesych.
1006 467 1106 514 ἠρία·
1126 468 1298 513 μνημεῖα.
1319 485 1370 490 -
1391 463 1528 499 Errore
1546 461 1614 510 igi-

173 534 238 566 tur
261 528 490 566 Plutarchus
515 527 564 565 V.
593 527 686 578 Lyc.
709 540 749 577 p.
776 530 868 564 843.
891 526 936 564 C.
961 532 1000 563 et
1028 524 1080 561 D.
1107 523 1202 561 duas
1224 528 1358 560 contra
1379 523 1613 572 Autolycum

174 590 304 628 Oratt.
324 590 435 641 Lyc„
458 590 616 627 alteram
646 591 721 627 κατ’
740 588 952 626 Λῦτολΰκου
974 587 1126 630 δειλίας,
1149 585 1308 622 alterum
1330 586 1417 621 ’κατ’
1439 585 1530 621 Aur.
1550 589 1612 620 τοῦ

169 651 453 702 Ἀρειοπαγίτου
478 654 563 702 περὶ
589 652 706 702 ἱερῶν,
728 649 906 688 tribuisse
925 648 1089 699 videtur.
1147 647 1191 683 In
1219 646 1277 684 his
1297 645 1420 694 major
1439 644 1536 682 fides
1555 651 1612 682 est

167 711 206 750 in
227 712 532 762 Lexicographo.

868 774 911 810 Δ.

302 859 454 898 ΚΑΤΑ
480 858 737 898 ΔΗΜΑΔΟΥ
765 857 878 898 ΤΟΥ
906 855 1123 896 ΔΕΜΕΟΥ
1151 856 1275 894 ΠΕΡΙ
1304 854 1473 893 ΙΕΡΩΝ.

219 950 438 985 Accusatus
468 945 544 984 fuit
571 946 636 984 ille
664 946 899 997 demagogus
935 944 1238 990 Atheniensium,
1273 943 1322 980 de
1356 955 1433 992 quo
1469 946 1612 991 praeter

166 1009 318 1047 Fabric.
338 1008 440 1047 Bibl.
461 1009 531 1046 Gr.
552 1008 621 1047 IV.
643 1022 683 1059 p.
708 1013 801 1047 428.
823 1022 859 1047 v.
879 1007 1090 1047 Ruhnken.
1110 1008 1134 1045 l.
1155 1021 1187 1045 c.
1208 1020 1247 1056 p.
1269 1009 1361 1043 153.
1386 1016 1473 1053 sqq.
1510 1002 1612 1040 Har-

164 1082 276 1120 pocr.
302 1069 435 1108 laudat
460 1082 543 1107 eam
568 1083 605 1107 v.
630 1069 850 1118 Ἀποβάτης
881 1069 1148 1121 inscriptione:
1183 1070 1223 1107 ἐν
1253 1072 1294 1123 τῇ
1323 1068 1413 1117 πρὸς
1439 1064 1613 1117 Δημάδην

164 1133 368 1181 ἀπολογίᾳ.
388 1137 426 1169 et
443 1131 480 1168 in
502 1131 760 1182 explicatione
786 1132 990 1182 proverbii,
1010 1132 1107 1175 Τοὺς
1125 1132 1267 1182 ἑτέρους
1285 1128 1491 1180 τραγῴἕους
1513 1129 1615 1175 ‘37⁰'-

164 1197 312 1239 νιεῖται,
329 1205 408 1243 quo
423 1205 513 1230 usus
533 1192 581 1230 sit
596 1193 810 1244 Lycurgus,
831 1193 1057 1244 simpliciter
1070 1194 1160 1243 πρὸς
1179 1191 1353 1243 Δημάδην
1375 1190 1480 1228 citat.
1511 1188 1612 1226 Hinc

165 1260 328 1305 apparet
343 1255 383 1292 in
399 1266 444 1292 ea
460 1267 499 1291 se
515 1253 734 1292 defendisse
753 1255 960 1293 Oratorem
975 1261 1110 1293 contra
1129 1252 1315 1291 Demadis
1330 1249 1616 1289 accusationem

165 1317 247 1366 περὶ
270 1314 373 1366 ἱερῶν
392 1315 456 1363 (V.
481 1327 538 1353 nr.
566 1315 709 1363 XIV.),
732 1321 934 1366 utramque
960 1328 1049 1353 vero
1075 1314 1370 1363 inscriptionem
1398 1311 1617 1348 usitatatam

163 1375 282 1415 fuisse
302 1377 486 1428 antiquis.
535 1376 637 1414 Nam
658 1383 697 1415 et
722 1378 934 1416 Athenaeus
957 1378 1029 1416 XI.
1057 1391 1091 1415 c.
1114 1382 1152 1417 7.
1175 1375 1265 1412 Vol.
1285 1374 1357 1411 IV.
1380 1386 1420 1424 p.
1443 1376 1535 1410 264.
1555 1372 1617 1408 ed.

166 1439 387 1489 Schweigh.
413 1438 508 1478 citat
539 1442 632 1477 κατὰ
650 1438 836 1490 Δημάδου,
865 1446 906 1478 et
925 1440 999 1478 hoc
1024 1453 1071 1478 ex
1090 1451 1135 1476 ea
1157 1438 1412 1486 fragmentum
1433 1433 1618 1471 servavit:

165 1500 389 1551 Λυκοῦργος
415 1499 444 1537 δ’
466 1501 484 1536 ὁ
510 1499 651 1549 Ῥἡτωρ
679 1501 719 1537 ἐν
747 1505 794 1552 τῷ
823 1502 914 1538 κατὰ
940 1499 1126 1551 Δημάδου·
1163 1498 1398 1536 Φίλιππον
1425 1496 1513 1545 φησὶ
1541 1494 1619 1532 τὸν

165 1560 372 1609 βασιλέα
415 1564 664 1608 προπίνειν
706 1562 863 1609 κέρατι
903 1565 1099 1605 τούτοις,
1134 1559 1203 1601 οἷς
1245 1560 1619 1608 ἐφιλοφρονεῖτο.

166 1621 300 1659 Schol.
332 1625 458 1657 autem
479 1618 679 1668 Aristoph.
713 1618 813 1655 Plut.
836 1631 872 1654 v.
889 1622 979 1655 690.
1016 1632 1062 1656 ex
1096 1619 1282 1656 Oratione
1310 1619 1404 1668 Lyc.
1432 1620 1523 1655 κατὰ
1548 1617 1621 1662 Δη-

166 1682 286 1734 μάδου
304 1681 423 1719 verba
442 1679 595 1717 laudat:
624 1678 728 1722 τοῦς
755 1680 881 1730 ὄφεις
911 1681 1016 1722 τοὺς
1044 1681 1254 1727 παρείας,
1270 1679 1336 1717 ubi
1350 1679 1619 1717 Hemsterhus.

168 1742 234 1781 sed
255 1741 478 1780 dubitanter
497 1753 585 1778 cum
607 1740 799 1790 Harpocr.
823 1753 908 1778 voc.
929 1740 1092 1791 Παρεῖαι
1113 1741 1172 1792 ὄφ.
1205 1741 1304 1778 hanc
1324 1746 1457 1777 contra
1479 1741 1619 1777 Dema-

167 1803 255 1842 dem
282 1816 361 1841 non
387 1803 565 1853 Lycurgo
599 1801 665 1838 sed
694 1800 885 1853 Hyperidi
916 1801 1100 1850 assignat.
1129 1801 1288 1846 Verum,
1318 1814 1434 1850 quum
1461 1800 1511 1838 ab
1538 1800 1621 1838 aliis

170 1878 328 1918 quoque
353 1864 546 1913 laudatur,
566 1863 709 1901 diserte
729 1863 914 1913 imprimis
936 1876 957 1900 a
981 1862 1190 1915 Plutarcho
1219 1875 1258 1912 p.
1287 1866 1377 1900 843.
1409 1862 1460 1898 D.
1482 1862 1621 1900 Oratio

169 1928 349 1979 Lycurgo
378 1924 572 1968 tribuitur,
600 1936 677 1961 non
705 1924 888 1961 abhorret
916 1937 937 1961 a
963 1936 1066 1968 vero,
1087 1924 1223 1961 ambos
1240 1922 1439 1967 Oratores,
1467 1922 1533 1960 sed
1564 1923 1623 1959 di-

171 2001 281 2027 verso
307 1994 493 2037 tempore,
531 1991 665 2023 contra
699 1985 891 2023 hominem
923 1984 1223 2035 perditissimum
1252 1984 1532 2022 accusationem
1563 1984 1619 2021 in-

174 2050 355 2089 stituisse.

877 2102 921 2138 E.

661 2179 817 2217 ΚΑΤΑ
844 2178 1124 2218 ΔΕΞΠἸΠΟΥ.

226 2268 419 2319 Harpocr.
439 2266 573 2305 laudat
596 2278 681 2303 eam
695 2258 891 2315 'tanquam
911 2265 1094 2316 Lycurgi,
1115 2276 1199 2302 voc.
1217 2262 1389 2307 σύνδικοι,
1408 2263 1475 2300 sed
1495 2263 1619 2309 addit,

173 2332 206 2367 εἷ
230 2331 398 2378 γνήσιος.
414 2351 466 2357 -
484 2329 544 2367 Ex
567 2340 614 2366 ea
634 2327 891 2377 fragmentum
918 2326 1040 2365 hocce
1066 2326 1161 2364 citat
1186 2326 1211 2364 l.
1239 2324 1266 2361 l.
1306 2328 1395 2362 Καί
1424 2340 1507 2362 που
1533 2325 1621 2363 ἑτέ-

172 2389 286 2441 ρωθι
327 2390 540 2438 ἀνδρεῖός
569 2389 668 2427 ἐστι
701 2386 834 2432 οὗτος
871 2388 984 2439 πρὸς
1019 2393 1117 2430 τοῖς
1150 2384 1480 2436 Θεσμοὲέταις
1512 2402 1620 2436 γρα-

173 2454 260 2504 φὰς
289 2454 600 2504 γραφόμενος,
629 2449 742 2500 πρὸς
779 2455 875 2492 τοῖς
912 2448 1158 2491 Συνδίκοις
1196 2450 1478 2498 ἀπογραφὰς
1516 2449 1621 2484 ἁπο-

177 2513 378 2565 γράφων.

874 2590 914 2624 ς.

693 2670 847 2709 ΚΑΤΑ
875 2668 1105 2709 ΔΙΦΙΛΟΥ.

229 2758 407 2797 Meminit
423 2758 620 2797 Plutarch.
646 2771 688 2809 p.
709 2761 800 2796 843.
820 2758 871 2795 D.
890 2756 1005 2806 hujus
1030 2755 1303 2793 accusationis.
1324 2756 1471 2804 Ἔκρινε
1497 2752 1533 2789 δὲ
1560 2754 1616 2789 καὶ

176 2820 332 2870 Δίφιλον
356 2821 395 2857 ἐκ
419 2828 492 2858 τῶν
511 2822 696 2872 ἀργυρίων
726 2820 921 2872 μετάλλων
955 2819 1039 2861 τοὺς
1064 2822 1313 2869 μεσοκρανεῖς,
1341 2817 1374 2853 οἳ
1405 2813 1615 2860 ἐβάσταζον

178 2882 225 2917 τὰ
241 2880 460 2930 ὑποκείμενα
484 2879 585 2933 βάρη
611 2883 811 2933 ὑφελόντα,
831 2882 890 2918 καὶ
916 2880 953 2925 ἐξ
974 2881 1092 2917 αὑτῶν
1110 2878 1386 2922 πεπλουτηκότα
1404 2877 1501 2923 παρὰ
1529 2875 1612 2917 τοὺς

178 2941 326 2991 νόμους.
355 2940 436 2978 Καὶ
452 2939 619 2981 Θανάτου
633 2943 739 2986 ὄντος
758 2944 953 2993 ἐπιτιμίου,
974 2942 1117 2978 ἁλῶναι
1130 2941 1291 2984 ἐποίησε,
1313 2940 1371 2974 καὶ
1389 2938 1612 2980 πεντήκοντα

857 3007 930 3047 3Q
