1981 3255
292 204 375 246 384
799 209 851 247 A.
875 207 926 248 G.
951 205 1215 248 BECKERI

294 322 419 356 torum
439 323 595 356 revocat
619 318 803 368 praeclara
827 320 1010 370 majorum
1033 320 1149 366 facta,
1169 319 1316 357 cladem
1347 318 1497 366 Xerxis,
1523 317 1718 354 victoriam

295 378 340 416 ad
363 379 695 428 Eurymedontem,
715 391 846 428 pacem
865 379 1112 417 honorificam
1128 393 1213 418 cum
1236 380 1360 417 Persis
1378 379 1530 416 factam.
1552 379 1601 427 (c.
1622 380 1704 424 17.)

350 439 422 476 His
453 439 654 477 adversarii
683 440 981 488 objectionibus,
1002 441 1141 490 quibus
1162 441 1213 477 uti
1235 447 1399 490 poterat,
1423 446 1597 476 accurate
1617 436 1718 475 refu-

297 500 398 546 tatis,
433 500 626 550 Lycurgus
654 501 856 537 revertitur
884 500 932 536 ad
962 500 1350 538 demonstrationem:
1386 500 1486 550 quod
1517 500 1720 536 Leocrates

297 560 467 598 desertor
497 561 546 598 sit
567 561 715 610 patriae,
734 560 837 609 quod
860 559 969 596 variis
995 562 1224 609 argumentis
1244 561 1295 598 ita
1314 561 1524 606 collocatis,
1545 566 1585 596 ut
1605 571 1717 596 unurn

298 621 451 658 alterum
471 621 641 669 adjuvet,
662 620 834 657 evincere
855 632 1083 670 magnopere
1103 622 1247 658 studet.

349 681 634 729 Jusjurandum,
653 680 755 728 quod
776 692 905 717 omnes
920 693 965 717 ex
985 679 1145 729 ephebis
1165 681 1304 730 egressi
1320 681 1558 729 civesjurare
1577 679 1721 716 solent:

301 745 431 778 ‘sacra
453 754 645 790 uunquam
678 741 921 778 dedecorabo
949 753 1067 790 arma,
1102 754 1172 779 nec
1197 742 1317 779 aciem
1347 741 1536 785 deseram,
1563 740 1724 789 patriam

302 809 434 839 contra
469 802 671 839 defendam
703 814 859 852 eamque
887 802 1075 839 meliorem
1112 802 1294 840 reddam?
1314 802 1425 838 —id
1455 800 1725 851 jusjurandum

304 864 504 900 Leocrates
535 863 594 900 vel
622 875 818 912 nunquam
844 862 1003 912 juravit,
1023 863 1081 900 vel
1113 862 1248 900 fefellit
1278 863 1496 904 civitatem;
1527 874 1613 897 nam
1636 873 1727 898 con-

305 924 458 961 trarium
490 924 654 961 omnium
689 925 829 973 exegit.
886 924 1027 973 ltaque
1057 923 1105 960 ad
1141 924 1324 961 honorem
1356 923 1516 960 deorum
1551 920 1730 971 pertinet,

305 991 345 1021 ut
373 985 550 1034 puniatur
582 984 778 1034 perjurus:
808 997 878 1021 nec
910 984 1033 1022 minus
1058 990 1218 1034 propter
1244 985 1436 1031 homine53
1459 981 1730 1032 jusjurandum

305 1046 404 1082 euim
426 1052 484 1082 est
503 1058 636 1083 nervus
658 1048 774 1083 totius
793 1046 942 1095 publici
961 1052 1096 1090 status,
1115 1058 1189 1096 quo
1210 1045 1446 1083 sanctissime
1461 1043 1730 1081 devinciuntur

307 1106 561 1155 magistratus,
578 1106 732 1156 judices
750 1113 787 1144 et
804 1108 954 1156 privati.
982 1109 1034 1155 (c.
1049 1105 1129 1155 18.)

358 1166 548 1204 Praeterea
569 1167 822 1216 turpissimum
850 1174 909 1204 est
935 1174 1081 1216 partam
1109 1166 1295 1215 majorum
1320 1166 1475 1216 gloriam
1497 1166 1599 1204 nolle
1618 1166 1729 1211 tueri,

308 1240 395 1276 quae
415 1227 555 1265 talibus
576 1228 784 1265 sceleribus
805 1228 1032 1266 obscuretur
1050 1241 1206 1265 necesse
1227 1234 1297 1265 est.
1355 1228 1414 1264 Ita
1441 1228 1537 1264 enim
1559 1227 1644 1264 olim
1665 1240 1731 1265 ex-

307 1289 436 1326 celluit
456 1288 589 1326 civitas
610 1295 751 1334 nostra,
768 1295 807 1326 ut
831 1290 985 1326 honesta
1008 1288 1156 1326 caeteris
1177 1287 1345 1336 exempla
1367 1287 1497 1325 daret:
1518 1301 1631 1337 quam
1649 1301 1731 1324 sen·

308 1348 464 1385 tentiam
491 1348 674 1398 imprimis
704 1349 866 1386 illustrat
892 1349 1068 1399 exemplo
1089 1348 1220 1394 Codri,
1241 1354 1375 1398 sponte
1397 1361 1465 1397 pro
1486 1349 1609 1398 patria
1630 1361 1730 1385 mors

309 1415 384 1447 tem
404 1410 628 1459 oppetentis.
647 1412 696 1457 (c.
718 1414 780 1447 19.
801 1412 882 1456 20.)

360 1472 413 1508 At
441 1471 601 1509 fortasse
627 1472 730 1509 dicet
759 1472 979 1509 Leocrates:
1009 1484 1048 1509 se
1080 1472 1117 1508 in
1138 1471 1330 1520 judicium
1358 1484 1433 1508 non
1458 1476 1671 1516 venturum,
1699 1471 1730 1508 si

309 1532 405 1570 tanti
426 1533 578 1569 sceleris
597 1532 669 1569 sibi
690 1540 789 1569 esset
809 1532 997 1570 conscius.
1054 1533 1149 1570 Haec
1170 1545 1258 1569 vero
1280 1538 1336 1570 est
1358 1532 1552 1570 excusatio
1579 1545 1654 1568 non
1679 1532 1733 1568 in-

309 1593 407 1642 tegri
434 1593 497 1630 sed
521 1593 748 1642 impudentis
770 1594 942 1631 hominis.
997 1593 1112 1637 Quod
1140 1593 1304 1637 redierit,
1326 1593 1363 1630 id
1389 1592 1567 1629 divinitus
1586 1591 1731 1629 facturn

308 1665 390 1690 esse
408 1654 569 1698 videtur,
591 1660 631 1692 ut
649 1667 709 1698 eo,
730 1667 806 1703 quo
825 1640 987 1704 deliquit
1006 1655 1106 1698 loco,
1125 1653 1372 1704 ignominiosa
1389 1654 1584 1703 puniretur
1599 1658 1733 1690 morte.

307 1714 359 1759 (c.
388 1717 467 1762 21.)
523 1714 618 1752 Haec
651 1714 816 1751 illustrat
849 1715 1024 1764 exemplo
1053 1714 1273 1759 Callistrati,
1299 1715 1376 1764 qui,
1404 1728 1518 1762 quum
1546 1714 1683 1751 absens
1711 1725 1734 1750 a

311 1775 459 1824 Populo
479 1775 614 1825 capitis
640 1776 844 1813 damnatus
865 1782 976 1821 esset,
998 1782 1130 1825 postea
1150 1787 1238 1812 vero
1259 1788 1325 1824 spe
1347 1777 1464 1812 veniae
1485 1774 1733 1824 impetrandae

309 1835 356 1872 ad
383 1848 483 1873 aram
509 1835 680 1882 deorum,
707 1837 881 1873 Athenas
908 1843 1115 1882 revertens,
1140 1835 1385 1884 confugisset,
1413 1835 1545 1872 debita
1573 1835 1734 1873 affectus

310 1896 358 1932 sit
377 1908 500 1945 poena.
518 1900 573 1945 (c.
594 1897 674 1945 22.)
732 1897 794 1934 Dii
815 1897 911 1934 enim
940 1904 1100 1934 cernunt
1123 1897 1293 1934 actiones
1312 1897 1497 1947 omnium,
1518 1901 1557 1932 et
1577 1895 1733 1932 maxime

309 1964 442 1994 curant
463 1957 645 2007 pietatem
673 1971 761 2007 erga
786 1958 946 2007 patriam
966 1965 1004 1995 et
1024 1964 1211 2007 parentes.
1270 1958 1313 1994 In
1334 1957 1461 1994 Sicilia
1475 1956 1628 2005 juvenis·
1649 1956 1734 2004 qui-

310 2018 412 2062 dam,
433 2020 631 2068 eruptione
647 2020 772 2056 AEtuae
789 2020 940 2063 montis,
955 2025 1099 2068 patrem
1115 2031 1254 2062 senem,
1269 2019 1383 2055 vitam
1404 2017 1488 2065 ejus
1509 2024 1735 2064 servaturus,

311 2078 349 2115 in
371 2079 544 2116 humeros
565 2080 740 2122 sustulit;
772 2080 866 2117 deus
887 2092 974 2117 vero
994 2092 1162 2129 praesens
1188 2080 1322 2116 ambos
1343 2079 1523 2125 servavit,
1543 2079 1632 2116 dum
1659 2091 1736 2117 cae-

312 2141 397 2186 teri,
417 2142 482 2191 qui
512 2147 689 2192 parentes
724 2142 838 2192 impie
865 2142 1110 2191 reliquerant,
1140 2142 1326 2191 peribant.
1354 2143 1405 2191 (c.
1425 2142 1508 2188 23.)
1553 2142 1615 2178 Sic
1643 2143 1736 2179 Ere-

312 2202 489 2248 chtheus,
518 2204 629 2251 cujus
661 2215 755 2239 uxor
781 2208 863 2239 erat
890 2202 1090 2240 Praxithea
1115 2203 1271 2252 Cephisi
1298 2202 1386 2247 filia,
1413 2215 1498 2240 cum
1528 2203 1737 2252 Eumolpus

314 2264 517 2300 exercitum
545 2277 565 2300 e
590 2263 754 2300 Thracia
778 2262 1015 2308 adduxisset,
1038 2270 1077 2300 ut
1100 2263 1267 2300 Atticam
1300 2270 1524 2312 occuparet,
1545 2263 1738 2301 consuluit

315 2324 525 2369 oraculum,
546 2337 622 2373 quo
643 2323 757 2361 modo
777 2323 933 2360 victoria
950 2324 1168 2373 potiretur?
1197 2336 1418 2373 responsum
1441 2323 1540 2371 tulit,
1556 2324 1736 2360 victorem

317 2383 411 2429 fore,
431 2384 461 2420 si
488 2384 601 2422 filiam
622 2385 733 2422 vellet
753 2384 961 2422 immolare.
1017 2385 1220 2434 Euripides
1241 2398 1327 2422 vero
1347 2391 1505 2421 matrem
1529 2384 1566 2421 in
1585 2396 1737 2421 scenam

317 2444 478 2494 profert,
497 2447 778 2494 permittentem
799 2444 929 2490 filiam,
951 2446 1095 2483 civitati
1118 2453 1158 2483 ut
1177 2446 1244 2483 fiat
1263 2446 1427 2483 victima.
1445 2446 1495 2492 (c.
1515 2448 1597 2492 24.)
1650 2446 1737 2482 Pari

319 2504 432 2541 modo
448 2505 635 2543 Homerus
653 2506 699 2543 ad
722 2506 854 2555 patriae
873 2519 1039 2543 amorem
1059 2507 1241 2550 hortatur,
1258 2507 1323 2555 qui
1340 2513 1451 2556 poeta
1464 2505 1736 2552 nobilissimus,

318 2578 427 2613 quem
449 2566 608 2613 majores
628 2567 748 2604 nostri
767 2567 1061 2612 admirabantur,
1076 2568 1143 2604 hos
1160 2567 1357 2611 incitabat,
1378 2573 1418 2603 ut
1437 2579 1511 2602 non
1532 2565 1647 2603 modo
1668 2579 1738 2615 pro

318 2639 399 2673 sua,
419 2626 485 2663 sed
513 2626 625 2663 etiam
652 2640 720 2675 pro
750 2627 870 2665 salute
898 2628 1013 2665 totius
1035 2627 1216 2671 Graeciae,
1245 2633 1426 2676 tanquam
1453 2639 1522 2675 pro
1549 2627 1738 2664 communi

318 2687 454 2736 patria,
485 2693 644 2723 mortem
676 2695 857 2736 oppetere
885 2701 961 2725 non
990 2688 1224 2725 dubitarent.
1279 2688 1400 2735 Igitur
1425 2688 1462 2723 in
1492 2687 1738 2725 Marathonio

319 2760 456 2797 campo
481 2746 704 2785 dimicantes
727 2749 856 2786 hostes
881 2750 1118 2795 deleverunt,
1138 2756 1176 2786 et
1204 2748 1414 2785 universam
1436 2754 1580 2784 terrore
1601 2747 1738 2785 libera-

321 2815 408 2846 runt
423 2807 629 2846 Graeciam.
647 2811 699 2855 (c.
723 2812 786 2846 26.
807 2811 887 2857 27.)
931 2810 1054 2847 Tanta
1075 2816 1217 2854 autem,
1238 2816 1275 2845 et
1297 2814 1369 2845 tam
1391 2815 1478 2845 nota
1500 2808 1569 2845 fuit
1589 2808 1739 2846 illorum

322 2871 452 2915 virtus,
490 2877 531 2907 ut
573 2870 671 2907 bello
716 2870 953 2907 Messeniaco
993 2869 1190 2907 oraculum
1231 2870 1427 2919 Spartanis
1467 2869 1738 2920 responderet:

323 2930 484 2969 victores
505 2930 585 2969 fore
613 2930 935 2977 Lacedaemonios,
958 2931 987 2968 si
1007 2930 1055 2968 ab
1078 2929 1374 2973 Atheniensibus
1393 2931 1529 2970 ducem
1551 2935 1740 2982 peterent.
