1981 3255
18 3022 32 3255 l

611 153 682 194 ET
714 150 853 193 EJUS
886 147 1170 192 SCRIPTIS.
1520 153 1601 193 565

182 274 374 318 peratores
391 267 614 310 Antoninos,
627 265 748 309 Pium,
765 271 802 301 et
820 263 1346 314 Philosophum,Verumque,
1364 264 1473 313 cujus
1489 266 1603 302 etiam

182 334 412 378 praeceptor,
428 333 521 364 teste
541 325 792 375 CapitolinO,³
807 324 878 362 fuit
894 325 1092 375 gratiosus,
1112 331 1150 362 et
1169 326 1375 375 praefectus
1391 325 1605 364 ordinando

181 390 295 427 statui
327 390 528 426 liberarum
559 387 757 425 civitatum
782 387 917 431 Asiaef
947 399 1216 436 sacrorumque
1236 388 1607 426 Panathenaicorum

183 457 220 488 et
240 450 557 495 Panelleniorum,
587 456 667 486 tum
699 460 889 485 sacrorum
915 460 1092 498 agonum,
1121 449 1328 487 honoribus
1349 451 1405 486 M.
1426 449 1609 487 Antonini

184 518 222 549 et
244 511 334 550 Veri
352 517 674 556 consecratorum,
697 509 914 561 &pxtcpsieg‚⁶
931 514 1047 559 atque
1067 510 1114 547 A.
1137 510 1182 547 C.
1204 513 1295 548 143.
1317 523 1402 547 cum
1426 511 1471 548 C.
1495 510 1609 548 Belli·

184 575 242 610 cio
251 573 448 622 Torquato
463 572 606 609 Consul
624 571 831 617 Romanus,
849 571 913 608 sed
934 571 999 620 qui
1018 570 1170 621 ingenio
1191 572 1307 620 magis
1326 577 1364 608 et
1377 571 1606 620 eloquentia,

184 647 296 685 quarn
316 632 533 671 consulatu⁶
550 640 588 670 et
608 632 792 683 dignitate
812 639 926 681 atque
945 631 1096 681 opibus,
1116 645 1210 682 quas
1230 632 1411 678 habebat,
1428 631 1610 681 amplissi-

185 696 253 733 mis
273 695 418 733 censeri
442 693 642 743 gestiebat.
697 693 858 730 Audivit
879 693 1032 741 juvenis
1059 693 1324 743 Scopelianum
1350 695 1405 741 (v.
1426 691 1610 731 Philostr.

183 759 221 794 in
239 756 470 807 Scopeliano
491 769 528 804 p.
549 759 638 793 521.
653 754 741 792 etin
757 754 923 791 Herodis
938 754 1013 792 vita
1035 767 1071 804 p.
1087 757 1211 803 564),
1230 755 1367 792 deinde
1385 753 1610 791 Favorinum

187 831 342 868 quoque
360 819 411 864 (v.
433 816 537 854 Suid.
561 816 598 853 in
617 815 798 866 “Ηρώδης,
820 829 840 853 e
856 816 1118 862 Philostrato),
1134 824 1173 854 et
1187 816 1458 854 Atheniensem
1474 816 1614 854 Secun—

187 879 276 916 dum
296 882 347 929 (v.
370 878 590 915 Philostrat.
610 877 647 914 in
668 877 858 915 Secundo.
880 890 919 927 p.
933 880 1051 924 544).
1072 877 1316 915 Polemonem
1338 890 1426 915 vero
1445 877 1613 923 adultus,

184 947 222 977 et
241 952 355 990 quum
378 940 458 990 ipse
477 938 569 976 alios
584 938 664 987 jam
687 938 858 983 doceret,
876 939 1084 976 admiratus
1102 945 1138 976 et
1161 939 1270 976 donis
1296 943 1521 989 prosecutus
1540 938 1614 976 fuit

179 1004 231 1050 (v.
252 1001 430 1039 Philostr.
448 1000 486 1037 in
508 1000 711 1037 Polemone
731 1013 768 1050 p.
785 1001 911 1047 539.).
967 1000 1011 1037 In
1032 999 1229 1037 Platonica
1251 999 1496 1050 philosophia
1510 999 1612 1036 Tau-

179 1075 275 1107 rum,
303 1062 461 1112 'I'yrium
488 1063 541 1111 (v.
563 1061 742 1099 Philostr.
763 1075 801 1112 p.
830 1065 919 1098 564.
941 1061 1007 1098 ubi
1029 1074 1063 1098 v.
1092 1061 1254 1111 Olear.),
1276 1061 1312 1098 in
1340 1061 1486 1099 Critica
1519 1061 1614 1098 arte⁷

177 1123 338 1161 maxime
357 1123 614 1173 Theagenem,
636 1122 832 1168 Cnidium,
847 1127 883 1159 et
904 1122 1136 1168 Munatium,
1151 1122 1400 1169 Trallensem,
1417 1121 1615 1172 magistros

178 1185 326 1222 habuit.
383 1185 439 1222 Ex
457 1184 623 1235 antiquis
650 1184 817 1222 imitatus
848 1190 908 1222 est
932 1184 1096 1222 maxime
1120 1184 1310 1222 Critiam.⁸
1364 1183 1614 1221 Adversarios

180 1245 314 1283 habuit
332 1245 592 1295 Peregrinum,
614 1245 889 1295 philosophum
910 1245 1095 1296 Cynicum
1114 1248 1164 1293 (v.
1185 1245 1407 1282 Philostrat.
1434 1258 1473 1295 p.
1492 1247 1614 1293 563.),

182 1308 466 1344 Demostratum
482 1307 571 1344 item
591 1310 642 1354 (v.
664 1306 886 1343 Philostrat.
908 1320 947 1356 p.
969 1309 1090 1353 555.)‚
1110 1306 1220 1355 cujus
1247 1307 1458 1344 orationem
1480 1312 1614 1344 contra

183 1367 377 1405 Herodem
398 1368 638 1405 admirationi
665 1366 780 1404 fuisse
801 1373 963 1405 testatur
982 1367 1236 1405 Philostratus
1256 1381 1294 1418 p.
1315 1371 1406 1405 563.
1428 1374 1506 1404 tum
1532 1367 1614 1404 affi-

186 1441 287 1474 nem,
304 1428 508 1472 Braduam,
530 1428 655 1465 uxoris
682 1441 760 1465 suae
782 1429 940 1478 Regillae
970 1429 1136 1474 fratrem,
1163 1431 1228 1477 qui
1250 1429 1384 1466 consul
1406 1429 1480 1466 fuit
1501 1431 1548 1466 A.
1569 1428 1615 1467 C.

186 1489 633 1539 160.‚⁹-Quintiliosque,¹
662 1496 700 1527 et
728 1489 978 1539 Praxagoram
1006 1502 1050 1526 ac
1071 1490 1365 1527 Mamertinum:
1396 1489 1617 1527 familiarem

231 1573 244 1592 ³
258 1575 333 1613 Cap.
359 1575 406 1604 II.
430 1584 499 1613 pag.
520 1576 594 1605 409.
609 1574 658 1603 ed.
674 1574 775 1603 Hack.
790 1574 841 1603 ubi
859 1585 887 1603 v.
926 1574 1081 1613 probabile
1105 1578 1163 1609 est,
1182 1575 1349 1609 Herodem,
1369 1584 1458 1613 quum
1475 1574 1619 1602 honorum

191 1617 317 1646 Salmas.
339 1617 504 1646 Enimvero
532 1617 674 1646 Herodes
697 1617 817 1646 Atticus
833 1616 890 1646 fuit
927 1616 1031 1656 populi
1049 1617 1133 1646 tinem
1153 1616 1218 1657 jam
1235 1621 1317 1646 esset
1333 1627 1368 1646 an
1388 1619 1458 1648 143.
1473 1626 1621 1646 consecu-

192 1670 311 1698 quoque
343 1664 512 1698 praeceptor
545 1660 594 1689 M.
625 1660 767 1689 Antonini
794 1659 891 1698 philo·
927 1665 986 1695 tus,
1002 1662 1052 1689 4⁰2.
1069 1659 1150 1689 annis
1166 1665 1237 1697 post
1257 1660 1409 1689 consulem
1432 1659 1526 1689 fuisse
1547 1660 1623 1689 Bra·

194 1703 294 1741 sophi.
326 1702 404 1731 Vide
431 1703 632 1740 Capitolinum
664 1703 692 1731 in
722 1702 784 1731 vita
810 1702 890 1731 illius
926 1703 993 1731 duae
1018 1702 1187 1731 suffectum.
1213 1701 1315 1732 IDEM.

193 1744 329 1783 imperat.
339 1755 404 1783 cap.
419 1747 448 1774 Q.
461 1745 561 1782 ibique
577 1745 702 1774 Salmas.
716 1749 745 1773 et
762 1745 891 1775 Casaub.
966 1745 980 1766 ⁷
1004 1745 1070 1773 Non
1085 1745 1320 1783 grammaticam,
1334 1744 1388 1773 sed
1403 1749 1494 1773 artem
1507 1745 1544 1773 de
1557 1753 1624 1772 ora-

197 1793 287 1825 atque
311 1787 417 1816 Diouis
438 1787 534 1816 Cassii
561 1787 613 1817 lib.
638 1789 691 1816 77.
708 1797 778 1827 pag.
797 1789 891 1818 1199.
927 1787 1057 1816 tionibus
1079 1788 1236 1826 judicandi
1262 1787 1407 1826 intelligit
1423 1787 1625 1816 Philostratus

197 1830 329 1859 Reimar.
352 1829 464 1858 HAuL.
927 1831 1092 1869 interprete
1103 1836 1132 1860 ct
1147 1830 1251 1868 judice
1270 1831 1311 1859 H.
1329 1829 1450 1860 Valesio
1466 1830 1505 1858 de
1521 1828 1627 1858 critica

239 1871 376 1900 ⁴Delata
406 1872 525 1901 videtur
559 1871 677 1902 Herodi
714 1873 893 1910 praefectura
928 1873 955 1901 I.
974 1883 1004 1911 p.
1031 1875 1102 1903 149.
1127 1883 1172 1911 sq.
1197 1873 1249 1901 ubi
1274 1873 1403 1911 paucula
1427 1873 1567 1910 leguntur
1589 1871 1627 1901 de

197 1914 352 1943 civitatum
374 1914 515 1943 Asiaticae
537 1920 566 1944 et
592 1915 749 1952 Europaeae
766 1913 893 1944 Graeciae

199 1967 226 1985 a.
243 1956 314 1985 125.
330 1966 388 1993 quo
403 1965 477 1984 anno
500 1956 673 1986 Hadrianus
693 1966 746 1994 per
766 1957 892 1987 hiemem

199 1998 328 2028 Athenis
343 2000 588 2028 commorabatur.
617 2000 753 2029 Emusr.

242 2042 254 2061 ⁵
269 2039 319 2069 Τδν
335 2038 462 2079 ἀξχιεξὲοι
478 2043 532 2069 τῶν
547 2040 698 2073 Σεβαστῶν
717 2041 783 2074 Τιβ.
803 2041 894 2071 Κλαύ-

201 2083 252 2112 διον
274 2080 404 2110 Ἀττικὸν
431 2080 542 2120 Ἡρώδην
565 2083 741 2123 Μαραθώνιον
765 2085 895 2115 celebrat

202 2130 289 2154 vetus
327 2123 501 2162 Inscriptio,
535 2125 670 2165 Megarae
704 2127 835 2164 inventa,
865 2128 894 2157 in

201 2166 306 2206 Sponii
327 2166 499 2196 Miscellan.
514 2170 597 2198 erud.
612 2169 751 2207 antiquitss
772 2180 803 2210 p.
822 2172 895 2201 321.

201 2216 231 2240 et
247 2209 407 2239 Itinerario
424 2208 461 2238 P.
479 2210 520 2238 ll.
535 2213 647 2248 p.482.
665 2213 769 2242 IDEM.

242 2251 255 2270 ⁶
278 2251 480 2281 Philostratus
490 2251 520 2281 in
532 2252 698 2283 Polemonis
712 2255 774 2285 vita
782 2265 811 2293 p.
821 2255 897 2286 536.

201 2294 250 2335 ἦρα,
273 2293 328 2333 μὲν
353 2296 407 2333 γὰρ
432 2295 480 2323 τοῦ
502 2294 726 2335 αὐτοσχεδιάζειν
748 2300 862 2338 μᾶλλον
884 2299 895 2328 ὁ

200 2337 330 2378 Ἡρώδης,
347 2336 360 2368 ἦ
376 2337 425 2366 τοῦ
445 2336 551 2370 ὕπατός
565 2348 597 2366 τε
613 2338 658 2367 καὶ
674 2338 704 2378 ἐξ
719 2341 840 2370 ὑπάτων
855 2341 895 2369 δο-

202 2382 267 2411 κεῖν.
291 2380 422 2409 Fabric..
446 2381 541 2409 Recte
553 2385 650 2410 autern
659 2381 814 2413 Fabricius
826 2394 896 2413 con-

204 2424 332 2453 sulatum
359 2423 494 2452 Herodis
517 2423 617 2452 retulit
640 2424 676 2452 ad
699 2434 746 2454 an.
770 2428 843 2456 143.
865 2437 894 2456 v.

204 2466 323 2496 Gruteri
342 2465 500 2504 Inscriptt.
523 2476 555 2505 p.
577 2467 746 2497 CLXXII.
767 2472 815 2498 10.
833 2471 894 2499 Do-

204 2513 263 2539 nat.
283 2519 312 2548 p.
326 2508 471 2538 CLXVI.
488 2511 517 2539 2.
534 2509 640 2548 Sponii
655 2509 853 2541 Miscellanea
866 2524 893 2552 p.

204 2551 276 2580 321.
320 2551 480 2581 Consentit
502 2552 638 2581 visconti
662 2563 691 2591 p.
708 2553 760 2583 95.
776 2563 897 2584 monens

204 2597 358 2631 praeterea,
369 2594 597 2633 Inscriptionem
608 2596 686 2634 apud
698 2595 896 2627 Muratorium

206 2644 273 2674 pag.
294 2636 498 2666 CCCXLIII.
517 2639 544 2667 3.
563 2637 591 2667 in
608 2648 665 2677 qua
681 2638 799 2668 Atticus
819 2639 897 2669 Con-

206 2678 254 2706 sul
270 2687 296 2706 a.
312 2679 384 2708 185.
401 2680 445 2709 M.
461 2680 589 2709 Braduae
605 2681 747 2711 suffectus
759 2692 824 2711 cum
836 2684 897 2711 col-

206 2719 273 2757 lega
289 2720 427 2750 Materno
449 2727 638 2759 memoratur,
662 2735 718 2753 non
747 2724 897 2763 pertinere

206 2762 242 2790 ad
260 2761 423 2802 Herodem,
435 2769 559 2802 patrem,
570 2766 608 2795 de
623 2777 681 2806 quo
695 2767 822 2806 intelligi
837 2768 898 2797 fere

207 2803 295 2839 solet,
327 2805 380 2834 sed
409 2806 446 2834 ad
474 2807 617 2843 Atticum,
646 2809 749 2838 tilium.
809 2811 898 2840 Pater

207 2847 297 2881 enim,
320 2847 460 2877 Herodes
485 2849 617 2884 Atticus,
633 2853 818 2882 consulatum
843 2864 897 2882 non

208 2888 265 2918 nisi
293 2890 383 2918 semel
407 2891 517 2929 gessit;
540 2892 645 2922 iterum
667 2895 796 2924 oblatum
813 2906 897 2924 recu-

209 2931 298 2968 savii,
310 2942 436 2962 moerens
453 2938 576 2964 mortem
590 2936 703 2966 uxoris.
748 2938 813 2967 Nec
830 2941 897 2968 sane

927 1915 1039 1953 Theag.
1056 1915 1164 1944 Cnidio
1181 1919 1211 1944 et
1227 1915 1377 1944 Munatio.
1400 1915 1515 1944 HARL.

969 1966 985 1987 8
1008 1958 1127 1986 Nobilis
1157 1957 1213 1986 fuit
1244 1957 1356 1988 Critias
1393 1961 1506 1991 orator,
1536 1966 1624 1994 quern

928 2010 995 2029 curn
1017 2000 1104 2029 laude
1128 2004 1272 2029 memorat
1301 1999 1464 2038 Dionysius
1488 1999 1627 2028 Halicar-

929 2052 1006 2071 nass.
1032 2044 1068 2071 Τ.
1094 2043 1140 2071 ΙΙ.
1165 2044 1247 2082 Opp.
1271 2053 1302 2081 p.
1324 2045 1374 2073 (28.
1400 2045 1472 2071 111.
1498 2046 1528 2070 et
1553 2043 1627 2071 161.

928 2084 1050 2114 Judicio
1065 2085 1244 2114 Scholiastae
1257 2086 1294 2114 ad
1310 2086 1453 2123 Hermog.
1469 2095 1537 2123 pag.
1552 2086 1624 2114 415.

930 2137 986 2156 non
1014 2127 1144 2157 deterior
1172 2128 1366 2167 Antiphonte.
1415 2129 1501 2157 Unus
1526 2127 1581 2156 fuit
1610 2137 1626 2156 e

929 2169 1057 2209 traginla
1070 2170 1230 2209 Tyrannis,
1246 2175 1276 2200 et
1293 2170 1451 2200 Atheismo
1467 2169 1627 2200 incusaba-

928 2217 987 2242 tur.
1012 2214 1071 2242 vid.
1095 2213 1194 2242 Schol.
1211 2218 1241 2242 et
1262 2213 1476 2243 Hemsterhus.
1496 2213 1532 2242 ad
1555 2212 1627 2243 Ari-

929 2257 1028 2294 stoph.
1047 2256 1128 2285 Plut.
1148 2266 1177 2285 v.
1193 2257 1266 2286 147.
1280 2266 1312 2295 p.
1333 2258 1408 2286 421.
1432 2266 1497 2295 sqq.
1550 2256 1627 2294 Ejus

930 2298 1137 2337 Λακεδαιμονίων
1164 2297 1314 2335 ωοκιτείοι,
1330 2298 1470 2328 laudatur
1486 2298 1523 2328 ab
1546 2298 1627 2328 Har-

929 2342 1102 2380 pocratione
1125 2353 1154 2371 v.
1177 2343 1353 2381 λυκιουργεῖς.
1397 2341 1547 2371 Caeterurn
1563 2342 1628 2372 He-

929 2385 1030 2414 rodem
1049 2385 1184 2414 Atticum
1202 2385 1368 2413 studiosum
1384 2384 1475 2414 fuisse
1489 2384 1628 2424 antiquo-

929 2437 994 2456 rum
1020 2428 1191 2462 verborum,
1210 2427 1360 2466 nimisque
1385 2427 1519 2457 obsoleta
1535 2428 1627 2457 verba

929 2470 1096 2505 adamasse,
1124 2481 1162 2500 ex
1198 2469 1347 2499 Athenaeo
1376 2480 1522 2508 apparere
1555 2470 1627 2499 mihi

930 2513 1060 2542 videtur.
1105 2512 1158 2542 Ait
1181 2513 1260 2541 enim
1285 2512 1448 2542 Athenaeus
1475 2513 1542 2542 Lib.
1563 2513 1626 2541 ΠΙ.

930 2565 960 2592 p.
977 2557 1026 2585 99.
1043 2556 1078 2584 C.
1101 2554 1174 2585 οῖδα
1197 2554 1224 2585 δὲ
1247 2555 1294 2584 καὶ
1314 2553 1426 2595 Ἠςώδην
1438 2555 1483 2585 τὸν
1496 2553 1627 2584 Ἀττικὸν

930 2596 1024 2637 ῥήτοξει
1039 2597 1208 2637 ὀνομάζοντα
1222 2597 1449 2639 τροχοπέδην,
1463 2596 1494 2626 τὸ
1505 2597 1625 2629 διαβαλ-

931 2639 1038 2678 λόμενον
1061 2639 1139 2679 ξύλον
1154 2641 1198 2671 διὰ
1214 2642 1268 2670 τῶν
1283 2643 1398 2682 τξοχῶν,
1416 2642 1461 2671 ὅτε
1476 2641 1626 2672 κατάντεις

930 2682 1030 2716 τόπους
1046 2682 1057 2711 ὁ
1075 2683 1223 2724 ὄχούμενος
1243 2682 1394 2723 ἐπορεύετο,
1411 2682 1457 2711 καί
1472 2693 1514 2711 τοι
1530 2688 1624 2721 Σιμα-

930 2727 1025 2763 ξιστοῦ
1047 2724 1072 2755 ἓν
1094 2728 1154 2760 τοῖς
1174 2726 1337 2766 Συνωνύμοις
1357 2724 1485 2765 ἒποχλὲα,
1500 2723 1532 2754 τὸ
1547 2724 1625 2763 ξύλον

931 2769 1012 2797 τοῦτο
1026 2766 1257 2807 ἐπονομάσαντος.

973 2811 985 2830 9
1006 2811 1117 2841 Confer
1137 2812 1216 2841 Sam.
1247 2811 1376 2841 Petitum
1404 2809 1470 2838 Lib.
1500 2809 1526 2838 I.
1552 2809 1624 2840 Var.

932 2853 1092 2883 Observat.
1105 2865 1132 2883 c.
1147 2854 1208 2884 XI.
1226 2854 1273 2895 (et
1285 2854 1387 2882 Olear.
1399 2852 1435 2881 ad
1450 2851 1624 2889 Philostrat-

932 2905 999 2932 ναξ.
1016 2897 1105 2933 555.)
1121 2897 1240 2926 Fabrie.
1285 2895 1355 2925 Fuit
1371 2894 1488 2933 Appius
1505 2894 1624 2924 Annius

933 2938 1043 2968 Atilius
1057 2939 1201 2974 Braduas,
1213 2949 1279 2973 non,
1291 2943 1321 2967 ut
1335 2937 1497 2966 Salmasius
1508 2937 1627 2976 (pstilO.)
