1981 3255
683 169 1080 212 SUMMARIUM.
1516 168 1597 209 383

223 282 372 325 Quibus
391 283 557 333 peractis
577 284 720 322 Orator
738 282 1078 327 ‚adresutationem
1108 282 1597 331 argumentorumftransitss

169 344 305 394 quibus
335 345 540 385 Leocrates
559 352 596 383 et
616 346 696 396 ejus
718 347 870 395 patroni
891 345 939 383 ad
960 344 1222 383 excusandum
1242 344 1388 383 facinus
1408 346 1447 383 in
1467 345 1598 384 defens

170 406 273 449 sione
295 406 347 443 uti
369 413 555 454 poterant.
574 409 626 454 (c.
648 409 834 454 14.—.—17,)

223 470 258 502 1.
290 467 547 505 ‘Mercaturae
582 481 697 506 causa
727 468 931 518 navigavit,
963 473 1000 505 et
1035 472 1194 517 propter
1232 467 1305 503 hoc
1335 468 1526 516 negotium
1559 468 1598 505 in

169 525 308 564 Rhodo
338 533 378 563 ut
408 528 547 577 hospes
576 537 834 567 commoratus
869 528 1007 567 est.'—
1062 530 1114 566 At
1144 534 1374 565 mercatores
1407 530 1529 577 palam
1559 531 1596 567 in

168 594 294 635 portu,
331 594 368 624 et
408 588 444 625 in
479 598 690 639 conspectu
728 591 894 627 omnium
926 603 1056 627 navem
1096 589 1374 627 conscendunt.
1435 590 1596 635 Deinde,

166 647 278 696 cujus
299 649 438 698 negotii
458 664 572 688 causa
590 664 658 701 per
677 658 776 689 totos
792 653 960 701 quinque
981 664 1098 688 annos
1121 650 1306 688 habitavit
1324 650 1388 687 ille
1404 649 1597 695 Megaris?

165 708 425 751 Quamobrem
442 712 613 749 vendidit
635 725 746 761 quam
769 712 830 748 hic
850 712 983 750 habuit
1003 712 1157 749 domum
1179 713 1426 761 caeteraque'i
1445 733 1496 738 -——
1512 710 1596 747 Nec

164 770 402 810 audiendus:
434 786 518 810 nam
536 780 723 822 praesente
741 774 912 824 periculo
930 774 1074 824 patriae,
1096 786 1243 818 omneS,
1260 772 1326 822 qui
1344 771 1442 809 forte
1459 771 1598 808 absunt

165 833 281 877 cives,
303 834 426 871 redire
453 834 596 873 debent
617 835 664 872 ad
688 848 799 885 opem
832 835 1041 873 ferendam.
1099 836 1169 872 Ille
1197 834 1344 878 aderat,
1365 841 1401 871 at
1422 833 1598 870 discessit

167 901 337 943 quaestus
371 909 497 942 causa,
519 903 703 945 tempore,
723 910 800 947 quo
831 897 951 934 solum
981 896 1184 947 praesentia
1213 902 1322 933 erant
1342 893 1598 932 defendenda.

167 956 360 994 Caeterum
381 959 621 996 mendacium
643 972 728 996 reus
750 959 979 1010 excogitavit
998 973 1007 1002 ;
1036 970 1230 1008 nunquam
1250 957 1346 994 enim
1368 963 1480 993 antea
1502 968 1598 1003 mer-

166 1024 335 1056 caturam
365 1019 521 1058 fecerat.
578 1021 716 1070 Itaque
740 1028 778 1059 et
807 1028 966 1072 propter
985 1020 1222 1058 mendacium
1256 1018 1345 1056 huic
1374 1017 1486 1055 irasci
1506 1030 1598 1055 con-

168 1082 283 1117 venit.
315 1084 373 1130 (c.
396 1085 478 1129 14.)
1303 1082 1305 1085 ’

195 1176 197 1178 .
217 1146 255 1178 2.
277 1146 286 1162 ‘
308 1143 431 1179 Nemo
451 1143 604 1187 absens,
626 1144 687 1181 cui
707 1157 783 1181 non
808 1145 986 1182 mandata
1005 1150 1062 1181 est
1082 1143 1208 1194 aliqua
1235 1155 1320 1192 pars
1341 1141 1445 1178 urbis
1465 1146 1597 1178 custo-

166 1200 322 1246 dienda,
345 1203 461 1240 veluti
487 1206 830 1250 armamentarium,
857 1213 991 1254 portae,
1010 1212 1149 1250 castra,
1180 1203 1405 1255 proditionis
1425 1202 1598 1240 accusari

165 1263 322 1311 potest?
376 1263 634 1302 Scfficetnon
655 1272 801 1315 partem
823 1266 988 1316 aliquam
1010 1266 1057 1302 R.
1077 1266 1117 1302 P.
1139 1265 1206 1301 sed
1228 1266 1452 1308 universam,
1473 1263 1598 1300 disce-

163 1323 256 1361 dens
296 1338 342 1362 ex
376 1325 485 1370 urbe,
519 1326 694 1364 hostibus
732 1327 916 1377 prodidit.
987 1327 1086 1364 Nam
1126 1326 1156 1362 si
1195 1325 1349 1375 publica
1382 1324 1597 1362 calamitate

163 1397 295 1422 omnes
329 1385 427 1423 idem
459 1386 586 1423 facere
618 1387 751 1433 velint,
779 1388 912 1425 civitas
941 1386 985 1424 fit
1013 1386 1206 1425 solitudo:
1239 1385 1483 1423 manentibus
1502 1398 1596 1422 vero

161 1445 323 1491 civibus,
348 1448 519 1496 quassari
542 1448 698 1497 quidem
719 1456 847 1499 potest
869 1450 920 1487 R.
936 1450 981 1487 P.
999 1449 1114 1495 salus,
1135 1447 1202 1485 sed
1223 1447 1432 1498 aliquando
1461 1447 1497 1483 in
1520 1459 1596 1483 me-

159 1507 292 1545 liorem
319 1515 458 1545 statum
491 1522 725 1548 reversuram
747 1524 830 1548 esse
855 1524 942 1561 spes
963 1517 1156 1549 remanet:
1188 1510 1291 1560 quod
1313 1510 1496 1558 exemplis
1525 1509 1595 1547 do—

161 1570 329 1607 mesticis
352 1576 390 1607 et
404 1572 570 1609 externis
591 1573 729 1621 probat
751 1574 904 1610 Orator.
925 1576 976 1619 (c.
996 1575 1081 1621 15.)
1095 1595 1148 1600 -—
1164 1574 1216 1609 At
1236 1571 1341 1609 dicat
1360 1571 1522 1621 aliquis:

212 1633 250 1667 3.
284 1636 293 1651 ‘
312 1631 355 1668 In
378 1645 452 1669 uno
476 1633 629 1670 homine
649 1639 798 1671 tantum
825 1633 1005 1671 momenti
1028 1647 1102 1670 non
1124 1639 1195 1678 est,
1217 1638 1258 1670 ut
1284 1632 1395 1669 unius
1417 1631 1508 1681 fuga
1526 1643 1594 1681 pa-

159 1689 242 1729 triae
275 1693 392 1730 exitio
416 1707 499 1732 esse
526 1694 676 1744 possit?
731 1695 832 1738 Quae
863 1695 1018 1744 quidem
1048 1694 1228 1732 facinoris
1260 1692 1453 1731 excusatio
1474 1693 1596 1742 impu-

157 1751 379 1792 dentissima
411 1761 482 1793 est.
551 1756 634 1805 Ego
667 1764 816 1794 contra>
838 1756 977 1802 sentio,
1005 1756 1044 1793 in
1076 1756 1237 1805 singulis
1266 1755 1474 1805 plurimum
1509 1767 1594 1791 esse

158 1824 407 1854 momentum.
460 1818 563 1854 Nam
593 1818 795 1856 incolumis
823 1825 880 1856 est
905 1818 1053 1865 civitas,
1075 1818 1112 1856 in
1134 1831 1211 1868 qua
1232 1818 1398 1868 quisque
1418 1830 1487 1854 suo
1507 1817 1595 1854 loco

157 1891 240 1916 eam
258 1885 404 1922 metui-3
437 1886 570 1917 contra
591 1882 702 1917 unius
719 1886 844 1917 errato
866 1887 944 1917 tota
965 1893 1068 1930 saepe
1086 1879 1304 1929 respublica
1323 1879 1360 1916 in
1382 1877 1593 1927 periculum

158 1940 274 1976 venit.
332 1940 389 1976 lta
418 1941 573 1989 quidem
600 1941 832 1989 judicabant
864 1942 1038 1991 majores.
1095 1941 1308 1989 Sacrilegos
1337 1946 1377 1977 et
1407 1939 1510 1977 fures
1529 1952 1592 1977 ca-

159 2001 268 2049 pitali
295 2000 486 2049 supplicio
517 2001 750 2047 afficiebant,
783 2015 848 2038 seu
883 2002 1017 2048 multa,
1045 2014 1110 2038 seu
1144 2013 1266 2050 pauca
1292 2000 1407 2038 furati
1441 2005 1593 2037 essent:

160 2060 370 2098 homicidas
391 2073 495 2105 vero,
525 2062 603 2098 sive
632 2063 824 2100 bominem
857 2063 1032 2106 liberum,
1061 2062 1137 2098 sive
1167 2074 1318 2099 servum
1348 2061 1594 2107 occidissent,

160 2128 281 2175 morte
307 2120 563 2159 mulctabant.
627 2123 668 2160 Si
699 2123 787 2173 quis
813 2136 916 2169 vero,
949 2123 986 2160 in
1025 2122 1210 2173 templum
1249 2123 1387 2160 Matris
1424 2123 1594 2160 Deorum

156 2182 384 2232 irrumpens,
415 2195 529 2220 unam
550 2184 677 2221 vmodo
706 2185 830 2234 legem
860 2184 1058 2231 deleverit,
1088 2197 1133 2222 ac
1167 2184 1306 2222 deinde
1339 2184 1414 2222 hoc
1448 2184 1593 2222 factum

159 2256 340 2281 excusare
368 2250 542 2292 conetur,
563 2245 666 2296 quod
699 2259 777 2283 non
809 2247 968 2284 multum
996 2245 1178 2283 momenti
1206 2246 1256 2283 sit
1279 2246 1317 2283 in
1345 2259 1419 2284 una
1445 2246 1542 2297 lege,
1563 2246 1593 2282 is

157 2311 262 2342 certe
283 2305 498 2344 audiendus
525 2319 601 2343 non
630 2313 701 2345 est.
758 2308 882 2358 Igitur
900 2307 1124 2357 magnitudo
1143 2307 1313 2345 criminis
1340 2307 1377 2345 in
1398 2307 1594 2345 Leocratis

156 2365 262 2404 facto
293 2372 490 2405 teneatur:
526 2381 611 2405 nam
645 2368 767 2406 solum
791 2369 957 2407 ‘deorum
987 2368 1176 2406 beneficio
1208 2368 1350 2406 factum
1382 2375 1453 2416 est,
1488 2368 1593 2420 quod

155 2439 254 2465 unus
280 2427 350 2465 iste
377 2435 460 2466 erat
485 2442 534 2467 ex
557 2430 659 2467 omni
690 2431 832 2468 civium
857 2443 1026 2477 numero,
1048 2429 1115 2480 qui
1141 2430 1180 2467 in
1199 2429 1415 2468 calamitate
1439 2429 1594 2480 publica

155 2488 390 2538 peculiarem
405 2497 604 2541 receptum
623 2491 813 2541 quaesivit.
831 2494 884 2539 (c.
900 2493 993 2539 16.)

156 2575 159 2583 ν
208 2558 246 2590 4.
260 2557 269 2574 ‘
280 2553 330 2592 Et
342 2554 508 2604 majores
526 2556 646 2595 nostri
658 2556 762 2602 olim,
778 2557 911 2595 relicta
928 2554 1038 2602 urbe,
1053 2557 1283 2607 navigabant
1303 2557 1505 2603 Salamina,
1520 2571 1589 2609 pu-

157 2616 307 2664 gnaturi
325 2629 412 2654 cum
429 2617 568 2656 Xerxis
586 2619 709 2656 classe
725 2618 758 2656 !”
800 2619 924 2670 Igitur
938 2618 1248 2670 gloriossisimum
1263 2614 1428 2658 civitatis
1445 2619 1588 2658 factum

157 2688 243 2714 cum
265 2677 580 2728 hacvturpissima
608 2680 805 2717 Leocratis
825 2680 917 2730 suga
936 2680 1115 2718 conferre
1131 2680 1330 2719 volumus?
1360 2681 1517 2719 Scilicet
1536 2680 1589 2717 illi

157 2736 318 2784 patriam
337 2751 414 2776 non
429 2739 698 2787 deseruerunt,
717 2741 784 2779 sed
805 2741 931 2779 locum
951 2754 1093 2792 pugnae
1112 2741 1293 2780 idoneum
1314 2741 1587 2792 sapientissimo

159 2797 321 2835 consilio
347 2799 555 2850 elegerunt.
575 2823 627 2831 --
655 2802 735 2840 Hic
759 2809 981 2853 opportune
1007 2802 1217 2841 Oratorin
1236 2802 1455 2840 memoriam
1478 2800 1587 2838 audi-

159 2888 180 2946 Α.
201 2897 293 2946 ¹Quq
315 2889 503 2947 mpdobanc
528 2901 695 2932 adversarii
721 2903 855 2933 confuta·
890 2904 928 2933 de
953 2904 1050 2935 Meth.
1070 2904 1234 2944 Eloquent.
1257 2914 1287 2933 c.
1312 2904 1363 2934 23.
1387 2911 1419 2941 p·
1445 2902 1517 2932 54⁷·
1541 2899 1590 2929 ed·

159 2943 270 2969 tionem
281 2944 418 2972 instituat
430 2942 552 2980 Orator,
562 2945 654 2975 docet
668 2945 857 2985 Her-mugen·
891 2946 983 2977 Laut.
