1981 3255
595 167 677 208 AD
712 166 921 208 PAGUM

955 166 1279 208 'PRIOPIUM

1573 169 1652 209 583

218 280 315 328 Quo
337 280 462 321 modo
487 293 596 326 vero,
616 293 748 334 quum
769 287 812 320 et
833 278 1149 321 Rhamnuntem
1172 289 1214 321 et
1234 282 1394 335 amplas
1417 280 1607 322 Athenas

217 343 422 395 Venistis,
447 343 610 384 aedibus
634 342 772 383 Patris
793 343 1037 398 grandisoni
1060 344 1237 395 relictis,

218 410 286 451 Ita
307 411 417 451 hanc
437 416 662 465 properate
685 409 778 449 uvis
797 409 1085 450 abundantem
1107 409 1159 450 ad
1182 409 1345 450 vineam
1364 427 1373 460 3

219 474 276 515 Et
295 488 470 529 campos
491 480 699 529 segetum,
722 480 763 513 et
784 473 953 514 arbores
974 488 1227 522 racemosus,

219 540 526 596 Pratorumque
547 553 690 580 comas
713 546 879 580 teneras
901 539 1052 580 herbas
1074 540 1278 581 alentium
1299 547 1612 582 consectantes.

218 605 352 647 Vobis
373 606 484 647 enim
506 619 670 646 sacram
693 604 884 645 Herodes
905 610 1062 655 terram*
1078 604 1250 652 dicavit,

216 670 395 712 Tantam
417 678 577 726 quanta
598 684 716 710 muro
738 670 1095 711 circumcurrente
1115 679 1249 726 saepta
1267 676 1346 718 est,

684 759 697 777 ³
719 762 828 790 Τὴν--

260 864 313 897 “Ως
331 864 379 900 γ’ἦν
399 861 474 892 τήνδε
494 861 593 902 ῥύεσθε
616 861 835 900 πολυστάφυλον
857 859 924 890 κατ’

346 905 445 934 ἀλωήν.

221 973 325 1003 parum
342 963 576 1003 circumspecte.
607 964 685 993 Nam
695 964 773 992 bene¹
787 964 924 992 Graecam

221 1011 253 1036 et
269 1007 436 1044 elegantem
453 1017 519 1036 esse
538 1007 689 1045 vulgatam
706 1006 848 1044 loquendi
864 1007 924 1035 for-

221 1049 332 1078 mulam
357 1060 373 1078 e
399 1049 537 1087 pluribus
565 1050 640 1078 locis
663 1049 784 1088 probari
811 1055 924 1087 potest.

223 1092 343 1122 Deinde
358 1092 447 1121 etiam
464 1093 539 1121 ordo
554 1093 713 1122 verborum
725 1092 778 1130 qui
791 1092 924 1130 optimus

223 1139 288 1164 erat
308 1135 456 1170 turbatur,
476 1145 542 1164 nam
563 1137 612 1172 γῆν
633 1140 664 1164 et
685 1136 784 1169 ἀλωὴν,
804 1135 924 1164 minime

228 1179 412 1216 conjungere
429 1178 555 1215 poteris.

269 1219 384 1258 Δένδξεα
398 1219 577 1260 Βοτρυόεντα]
604 1219 715 1259 Δὲνδςεα
734 1230 790 1258 pro
812 1220 925 1250 vitibus

224 1263 353 1292 racemis
377 1263 498 1291 refertis
521 1263 618 1301 accipi
634 1263 782 1301 fpossunt,
803 1273 868 1292 uam
897 1269 928 1292 et

225 1305 305 1334 vites
321 1306 470 1334 vocabant
479 1306 613 1340 arbores,
624 1305 794 1344 praesertim
806 1307 927 1343 quando

225 1347 298 1419 {itis
314 1358 371 1378 non
386 1348 497 1378 colitur
511 1347 645 1378 humilis.
659 1349 770 1378 Horat.
785 1349 845 1378 Od.
859 1348 926 1378 Lib.

247 1411 253 1420 .
272 1394 324 1421 18.

227 1453 248 1466 “
262 1450 384 1479 Nullam
406 1450 484 1478 Vare
509 1460 594 1479 sacra
619 1450 681 1480 vite
704 1450 789 1488 prius
812 1451 928 1480 severis

308 1491 482 1522 arborem.''

227 1550 496 1590 AlcaeusLyricus,
510 1551 589 1579 unde
602 1550 733 1589 accepit,
744 1550 865 1580 dixerat
880 1561 927 1590 ap.

230 1593 370 1623 Eustath.
388 1594 424 1622 ad
442 1593 532 1622 Iliad.
547 1592 585 1621 σ’.
601 1603 670 1631 pag.
688 1595 781 1623 1163.

228 1651 317 1682 Μηδὲν
325 1651 397 1681 ἄλλο
404 1650 544 1693 φυτεύσῃς
552 1650 677 1691 πξότεξον
686 1650 784 1691 δένδςον
791 1651 928 1691 ἀμπέλω.

230 1711 311 1748 Quia
327 1721 399 1741 vero
411 1713 473 1750 jam
492 1721 580 1740 versu
601 1711 757 1750 superiore
778 1711 856 1741 vites
878 1722 929 1740 no-

228 1754 348 1783 minatae
371 1760 450 1788 sunt,
470 1754 600 1784 dicendo
622 1755 840 1794 πολυστάφυλον
860 1753 928 1783 κατ’

228 1797 329 1833 ἀλωὴν,
345 1807 412 1826 nam
427 1797 504 1826 ἀλωὴ
517 1802 562 1826 est
576 1796 782 1836 ἀμπελόφυτος
796 1799 843 1835 γῆ,
858 1798 927 1826 hinc

229 1838 333 1879 δένδρεα
360 1844 430 1869 sunt
453 1840 586 1874 arbores,
609 1851 674 1878 quae
701 1840 779 1870 vites
803 1840 928 1870 adscen-

228 1882 336 1912 dentes
349 1883 508 1918 sustinent,
525 1883 633 1920 quibus
648 1883 823 1912 maritantur
838 1884 928 1913 vites.

229 1925 378 1963 Virgilius
400 1926 506 1964 Eclog.
523 1926 569 1954 II.
585 1927 636 1954 70.
653 1930 673 1942 “
688 1925 829 1954 frondosa
856 1926 930 1956 vitis

228 1967 259 1996 in
273 1968 354 1998 ulmo
366 1967 445 1998 est.’'
490 1968 695 2006 Reposiunus,
707 1968 734 1997 in
748 1967 931 2006 Anthologia

230 2010 346 2046 Latina,
367 2011 403 2040 T.
423 2011 448 2039 1.
471 2020 500 2048 p.
521 2013 594 2040 682.
616 2014 725 2040 “nunc
749 2011 835 2040 lucos
860 2011 930 2040 vitis

229 2052 414 2082 inumbrat-'⁷
452 2053 568 2090 Ibyeus
580 2054 659 2092 apud
674 2053 848 2083 Athenaeum
861 2054 929 2084 Lib.

230 2095 331 2126 XIlI.
347 2106 379 2134 p.
396 2097 469 2126 601.
485 2095 525 2125 B.

359 2152 426 2184 Ai'fr'
439 2153 582 2188 οἰνανθίδες
596 2155 747 2194 αὐξόμεναι

358 2198 502 2236 σκιεροῖσιν
515 2196 562 2236 ὑφ’
575 2197 670 2238 ἔρνεσιν
685 2198 805 2238 οἰναρέοις

357 2238 508 2270 Santones-w
520 2258 563 2262 —

228 2298 420 2333 Theocritus,
427 2299 465 2328 de
474 2299 541 2330 loco
551 2304 737 2336 consecrato,
746 2300 931 2340 Epigrainm.

230 2341 287 2371 IV.
301 2343 332 2372 5.
348 2341 397 2371 ed.
408 2341 508 2372 Wart.

421 2418 606 2425 -------
621 2401 712 2432 ἄεναον
727 2402 754 2432 δὲ

273 2442 368 2485 ῥεῖθρον
381 2443 438 2474 ἀπὸ
452 2444 607 2475 σπιλάδων
622 2446 745 2475 πάντοσε
757 2444 888 2476 τηλεθάει

229 2487 358 2526 Δάφνῶις
372 2498 420 2516 καί
434 2498 568 2527 μυρτοίσι
582 2499 629 2517 καί
647 2487 736 2518 §vuisit
754 2487 929 2528 κυπῦρίσσῳ·

275 2528 337 2559 ἔνθα
351 2528 438 2570 πέριξ
451 2530 576 2571 κέχυται
591 2528 757 2570 βοτςυόπαις
773 2530 844 2560 ἕλικι

229 2567 382 2611 Ἀμπελος
397 2589 554 2596 ------

235 2630 306 2660 Hoc
326 2641 420 2670 genus
436 2633 534 2662 Graeci
552 2632 743 2673 ἀναδενδράδας
765 2637 882 2662 vocant.
899 2643 930 2662 v.

234 2673 373 2712 Hesych.
388 2675 418 2704 b.
433 2685 463 2704 v.
505 2676 588 2706 Hinc
603 2680 634 2705 et
649 2676 723 2706 ficus
742 2675 842 2711 arbor,
854 2685 933 2705 soror

233 2717 301 2745 vitis
316 2716 398 2746 dicta
412 2717 450 2746 ab
463 2718 655 2758 Hipponacte
667 2718 744 2757 apud
757 2719 931 2748 Athenaeum

236 2758 306 2788 Lib.
322 2760 389 2789 III.
405 2771 434 2808 p.
454 2762 506 2791 78.
527 2761 563 2792 C.
587 2762 657 2802 quia
678 2762 834 2801 adjunctas
852 2767 934 2792 tenet

237 2801 326 2836 vites,
341 2806 373 2831 et
388 2801 433 2831 sic
448 2802 532 2832 locus
547 2804 769 2844 intelligendus.

292 2861 378 2891 Συκην
390 2859 537 2899 μελαὶναν,
551 2861 686 2902 ἀμπέλου
699 2863 876 2902 κασιγνήτην.

278 2927 422 2966 Λειμώνοον
435 2939 469 2957 τε
484 2928 590 2969 κόμας]
613 2933 725 2970 Λειμὼν
743 2931 782 2960 de
797 2930 865 2960 loco
880 2930 933 2960 flo-

233 2968 302 2999 rido
312 2975 402 3008 poeta
412 2976 516 3001 noster
528 2973 701 3004 adhibuisse
714 2973 846 3004 videtur.
883 2973 933 3002 Sic

845 777 858 782 -
873 759 1069 799 ἐστεφάνωται
1082 771 1139 790 0111.
1153 762 1189 791 C.

960 851 1041 874 certe
1055 845 1161 874 Thom.
1178 831 1264 884 Mag.
1282 855 1386 874 vocem
1403 846 1522 875 reddit:
1546 848 1657 884 Λειμὼν

958 905 1001 910 ——-
1012 886 1098 921 τόπος
1114 888 1227 928 δίυγςος,
1238 887 1356 927 ἀνὲηςάν
1372 887 1440 917 πόαν
1455 887 1535 929 ἔχων.
1549 890 1657 927 etl-Ie-

960 931 1032 968 sych
1046 941 1052 959 :
1074 933 1179 970 λειμὼν
1190 929 1346 970 -ἀνθηρὸς
1354 930 1450 965 τόπος.
1490 932 1656 971 Perparum

959 973 1072 1003 distant
1089 984 1180 1003 voces
1199 976 1296 1014 χῶρος,
1309 975 1425 1012 λειμὼν,
1439 974 1519 1014 ἀγςδς
1540 974 1657 1014 ἀνθοφό-

959 1028 1010 1055 foc,
1029 1021 1060 1046 et
1080 1016 1148 1046 alia.
1193 1018 1230 1046 In
1255 1017 1442 1046 Demarateis
1463 1018 1544 1056 apud
1565 1018 1659 1047 Athe-

960 1070 1055 1089 naeum
1072 1060 1138 1089 Lib.
1156 1060 1230 1089 XV.
1245 1070 1314 1099 pag.
1333 1061 1406 1091 685.
1421 1061 1460 1090 Β.
1477 1061 1610 1100 legitur:
1643 1071 1645 1073 ·

1002 1135 1149 1143 ------
1165 1120 1283 1152 ἁπαλὰς
1297 1118 1491 1152 ἀσπαλάθους
1505 1121 1658 1153 mvi-&mc

1001 1159 1026 1191 ἐν
1044 1164 1159 1201 λειμῶνι
1173 1161 1331 1201 λωτοφόξῳ.

959 1229 1060 1267 κόμας.
1121 1229 1245 1267 Legitur
1276 1230 1354 1269 apud
1392 1231 1584 1260 Eustathium
1620 1231 1658 1260 ad

959 1272 1051 1301 Iliad.
1067 1271 1104 1304 θ’.
1120 1283 1150 1311 p.
1167 1274 1241 1303 ⁰233.
1286 1272 1384 1312 Κόμας
1399 1272 1426 1302 δὲ
1446 1272 1536 1312 λεγειν
1554 1272 1660 1313 δένδρων

960 1326 999 1343 τα
1011 1315 1120 1353 φύλλα,
1133 1314 1187 1344 ὅθεν
1200 1326 1246 1344 και
1259 1315 1399 1353 κομήτη
1410 1327 1443 1349 ς.
1435 1318 1565 1356 λειμὼν
1581 1318 1659 1356 mag&

960 1356 998 1396 τῇ
1013 1355 1164 1397 τξαγῳδία,
1180 1358 1227 1387 καὶ
1243 1358 1344 1398 κομᾷν,
1358 1358 1406 1386 καὶ
1422 1370 1447 1388 εν
1460 1359 1568 1392 τούτοις
1583 1358 1660 1388 θάλ-

960 1401 1222 1430 λειν.Ει151311111
1245 1401 1419 1430 observatio
1442 1402 1592 1440 pertinere
1617 1402 1662 1431 vi-

962 1443 1051 1472 detur
1065 1444 1102 1472 ad
1119 1443 1261 1482 Euripid.
1279 1444 1444 1485 Hippolyt.
1458 1447 1534 1496 „2¹⁰⁸

1047 1517 1172 1523 -----
1189 1500 1214 1530 ἔν
1228 1512 1260 1530 τε
1274 1512 1292 1529 κ
1299 1514 1311 1530 ο
1319 1514 1344 1539 μ
1351 1501 1364 1531 ἦ
1373 1514 1393 1530 τ
1403 1515 1416 1532 η

1047 1549 1065 1572 λ
1074 1553 1133 1582 ειμ
1142 1546 1162 1572 ὦ
1170 1555 1197 1573 νι
1212 1542 1333 1573 κλιθεῖσ’
1347 1543 1586 1585 ἀναπαυσαίμαν·
1578 1567 1588 1582 ,

964 1612 1015 1641 11111
1043 1611 1106 1641 vid.
1123 1612 1223 1641 Schol.
1247 1623 1372 1651 κομητης
1397 1617 1443 1642 est
1468 1613 1498 1642 in
1523 1612 1662 1651 Euripid.

963 1654 1066 1693 Iphig.
1079 1655 1148 1684 Aul.
1159 1656 1295 1685 v.1296.
1304 1656 1408 1694 λειμὼν
1421 1654 1520 1685 ἄνθεσι
1536 1655 1664 1686 iratum.

962 1698 1090 1727 Thomas
1104 1697 1192 1737 Mag.
1205 1699 1292 1736 cujus
1308 1699 1397 1727 verba
1413 1698 1441 1727 in
1458 1699 1536 1727 notis
1552 1698 1663 1728 dedere

964 1740 1022 1769 VV
1040 1740 1111 1770 DD.
1133 1751 1202 1779 pag.
1228 1742 1302 1772 528.
1320 1743 1392 1771 541.
1437 1740 1521 1781 Κομᾷ
1546 1759 1589 1764 -
1616 1741 1665 1770 καὶ

960 1781 1063 1818 τόπος,
1092 1782 1168 1821 ἤγουν
1194 1786 1273 1822 φυτὰ
1296 1783 1366 1825 ἔχει.
1418 1783 1663 1823 Etymologicum

961 1826 1130 1855 Gudiannm
1157 1827 1302 1855 ineditum
1316 1838 1323 1855 t
1355 1827 1451 1866 Κομᾷν
1468 1845 1511 1849 —
1525 1826 1662 1860 ἶθάλλειν.

957 1867 1035 1908 Ὄρος
1062 1867 1246 1908 κεκομημὲνον
1274 1867 1324 1910 ὕλῃ
1351 1870 1431 1899 dixit
1461 1870 1663 1900 Callimachus

964 1913 1005 1941 H.
1020 1911 1050 1940 in
1064 1912 1191 1941 Dian.v.
1203 1916 1294 1943 41.et
1308 1912 1350 1941 H.
1362 1913 1391 1942 in
1405 1912 1475 1942 Del.
1488 1914 1559 1943 262.
1592 1911 1663 1941 Pal-

963 1954 1051 1983 mites
1073 1954 1141 1983 uvis
1168 1954 1313 1990 coronati,
1334 1955 1490 1995 κομόωντες
1512 1953 1662 1995 μελαίνῃσι

963 1996 1226 2038 σταφυλῇσι,ἀίοᾱ
1237 2002 1306 2027 sunt
1317 1998 1344 2026 in
1360 1999 1462 2027 verbis
1478 2008 1517 2027 ex
1531 1997 1663 2036 antiquis

964 2039 1082 2078 hymnis
1118 2040 1223 2078 petitis
1253 2050 1270 2069 a
1295 2041 1418 2070 cratete
1447 2041 1663 2075 Grammatico,

965 2082 1045 2120 apud
1058 2083 1246 2118 Athenaeum,
1257 2083 1326 2113 Lib.
1337 2083 1431 2113 XIV.
1442 2093 1511 2122 pag.
1521 2085 1593 2114 653.
1603 2083 1663 2113 cnf.

965 2125 1093 2155 Casaub.
1104 2136 1172 2165 pag.
1185 2127 1258 2156 930.
1291 2126 1386 2156 Indus
1399 2127 1509 2156 fluvius
1526 2126 1564 2155 ob
1576 2136 1663 2156 urnu-

966 2168 1053 2197 dines
1071 2168 1107 2198 ad
1126 2170 1206 2206 ripas
1223 2174 1404 2203 crescentes,
1419 2169 1545 2207 κομῆτης
1564 2169 1663 2198 dictus

966 2221 983 2240 a
1004 2211 1148 2241 Plioenice
1173 2211 1362 2250 Colophonio
1383 2213 1412 2241 in
1438 2212 1564 2248 lambis,
1583 2212 1663 2251 apud

966 2254 1074 2283 Athen.
1096 2254 1162 2284 Lib.
1175 2254 1256 2284 XII.
1270 2265 1300 2293 p.
1317 2255 1390 2286 530.
1405 2255 1442 2284 F.

1030 2330 1217 2337 -------
1221 2337 1230 2354 ‚
1245 2313 1259 2344 ἢ
1271 2314 1329 2344 ἀπὸ
1342 2316 1397 2344 τῶν
1411 2314 1465 2343 ἄνω
1480 2316 1582 2351 λιμνῶν

1029 2355 1105 2390 Ἰνδὸς
1119 2357 1244 2396 κομήτης
1260 2374 1272 2379 -
1288 2374 1301 2381 -
1318 2374 1330 2379 -
1345 2372 1358 2379 ·

969 2415 1027 2446 Ubi
1044 2415 1212 2455 interpres:
1237 2415 1331 2446 Indus
1343 2416 1508 2454 capillatus,
1523 2426 1591 2445 cum
1612 2416 1663 2445 de-

964 2459 1081 2488 buisset
1098 2458 1197 2491 Indua
1207 2458 1383 2499 Arundifer,
1395 2464 1447 2489 aut
1459 2460 1664 2489 arundiuosus.

1007 2501 1082 2540 Ἱεξῆν
1097 2502 1147 2532 ἀνὰ
1160 2502 1244 2540 γαῖαν
1257 2500 1332 2542 ἕηκε]
1349 2520 1389 2524 -
1404 2501 1507 2538 ἀνέηκε,
1518 2503 1556 2530 ab
1568 2499 1663 2539 ἀνίημι

965 2544 1095 2578 scilicet,
1106 2545 1288 2575 consecravit.
1299 2545 1368 2574 vide
1381 2545 1506 2574 Salmas.
1521 2548 1551 2572 et
1564 2544 1664 2577 docte,

966 2593 999 2617 ut
1023 2588 1112 2622 solet,
1138 2597 1243 2617 vocem
1269 2587 1468 2617 illustrantem
1495 2586 1606 2626 Spauh.
1627 2586 1664 2614 ad

966 2630 1141 2661 callimach.
1155 2631 1192 2660 Τ.
1206 2630 1250 2660 11.
1265 2640 1336 2670 pag.
1352 2633 1426 2661 783.

1007 2674 1062 2703 Τὴν
1076 2691 1088 2696 -
1106 2690 1118 2696 -
1134 2691 1147 2696 -
1162 2672 1374 2714 ἐστεφάνωται]
1399 2671 1597 2702 Desideratur
1615 2671 1664 2700 bic

968 2726 1072 2746 versus
1098 2716 1130 2745 in
1158 2715 1387 2746 Casauboniana
1409 2713 1553 2748 editione,
1576 2723 1665 2752 quem

965 2764 1072 2799 postea
1091 2759 1237 2790 Salmasio
1258 2759 1398 2788 submisit
1421 2755 1619 2804 Bougarsius‚
1634 2760 1666 2785 et

966 2813 1023 2831 non
1039 2811 1144 2841 parum
1159 2801 1232 2832 facit
1246 2802 1284 2831 ad
1296 2801 1388 2830 totius
1399 2798 1607 2837 inscriptionis
1619 2797 1664 2826 in-

966 2845 1220 2884 terpretationem.
1266 2843 1419 2874 Discimus
1434 2841 1512 2871 enim
1527 2850 1586 2870 11011
1600 2850 1664 2869 om-

967 2898 1034 2918 nem
1049 2888 1272 2927 possessionem
1288 2896 1383 2921 suam,
1399 2885 1453 2914 sed
1469 2887 1583 2923 partem
1599 2888 1663 2912 tan·

967 2931 1133 2966 tummodo,
1164 2941 1224 2969 qua
1250 2931 1474 2959 monumentum
1503 2936 1555 2955 seu
1587 2930 1663 2955 tern-

968 2974 1051 3013 plum
1079 2972 1261 3006 construxit,
1289 2972 1325 3000 ab
1347 2969 1474 3000 Herode
1506 2978 1663 2999 consecra-
