<?xml version="1.0" encoding="UTF-8"?>
<!DOCTYPE html PUBLIC "-//W3C//DTD XHTML 1.0 Transitional//EN"
    "http://www.w3.org/TR/xhtml1/DTD/xhtml1-transitional.dtd">
<html xmlns="http://www.w3.org/1999/xhtml" xml:lang="en" lang="en">
 <head>
  <title>
</title>
<meta http-equiv="Content-Type" content="text/html;charset=utf-8" />
  <meta name='ocr-system' content='tesseract 3.04.00' />
  <meta name='ocr-capabilities' content='ocr_page ocr_carea ocr_par ocr_line ocrx_word'/>
</head>
<body>
  <div class='ocr_page' id='page_1' title='image "./oratoresatticie04dobs/oratoresatticie04dobs_0647.png"; bbox 0 0 1981 3255; ppageno 0'>
   <div class='ocr_carea' id='block_1_1' title="bbox 0 1379 34 3004">
    <p class='ocr_par' dir='ltr' id='par_1_1' title="bbox 0 1379 34 3004">
     <span class='ocr_line' id='line_1_1' title="bbox 0 1379 34 3004; baseline 0 0"><span class='ocrx_word' id='word_1_1' title='bbox 0 1379 34 3004; x_wconf 95' lang='lat' dir='ltr'> </span> 
     </span>
    </p>
   </div>
   <div class='ocr_carea' id='block_1_2' title="bbox 611 184 1275 228">
    <p class='ocr_par' dir='ltr' id='par_1_2' title="bbox 611 184 1275 228">
     <span class='ocr_line' id='line_1_2' title="bbox 611 184 1275 228; baseline 0 -1"><span class='ocrx_word' id='word_1_2' title='bbox 611 186 953 228; x_wconf 86' lang='lat' dir='ltr'><strong>SIMULACRI</strong></span> <span class='ocrx_word' id='word_1_3' title='bbox 986 186 1128 227; x_wconf 85' lang='lat' dir='ltr'><strong>REGI</strong></span> <span class='ocrx_word' id='word_1_4' title='bbox 1140 184 1275 228; x_wconf 85' lang='lat' dir='ltr'>LLAE.</span> 
     </span>
    </p>
   </div>
   <div class='ocr_carea' id='block_1_3' title="bbox 1582 190 1657 229">
    <p class='ocr_par' dir='ltr' id='par_1_3' title="bbox 1582 190 1657 229">
     <span class='ocr_line' id='line_1_3' title="bbox 1582 190 1657 229; baseline 0.013 -1"><span class='ocrx_word' id='word_1_5' title='bbox 1582 190 1657 229; x_wconf 71' lang='lat'>611</span> 
     </span>
    </p>
   </div>
   <div class='ocr_carea' id='block_1_4' title="bbox 218 300 1077 420">
    <p class='ocr_par' dir='ltr' id='par_1_4' title="bbox 218 300 1077 420">
     <span class='ocr_line' id='line_1_4' title="bbox 220 300 1077 356; baseline 0.001 -16"><span class='ocrx_word' id='word_1_6' title='bbox 220 300 433 347; x_wconf 84' lang='lat' dir='ltr'>Quoniam</span> <span class='ocrx_word' id='word_1_7' title='bbox 456 300 515 340; x_wconf 88' lang='lat' dir='ltr'>illi</span> <span class='ocrx_word' id='word_1_8' title='bbox 536 300 696 341; x_wconf 88' lang='lat' dir='ltr'>liberos</span> <span class='ocrx_word' id='word_1_9' title='bbox 714 300 885 356; x_wconf 82' lang='lat' dir='ltr'>egregia</span> <span class='ocrx_word' id='word_1_10' title='bbox 906 314 927 340; x_wconf 94' lang='lat' dir='ltr'>e</span> <span class='ocrx_word' id='word_1_11' title='bbox 951 300 1077 341; x_wconf 88' lang='lat' dir='ltr'>domo</span> 
     </span>
     <span class='ocr_line' id='line_1_5' title="bbox 218 365 1010 420; baseline 0 -15"><span class='ocrx_word' id='word_1_12' title='bbox 218 365 415 420; x_wconf 82' lang='lat' dir='ltr'>Rapaces</span> <span class='ocrx_word' id='word_1_13' title='bbox 437 365 582 406; x_wconf 79' lang='lat' dir='ltr'>Parcae</span> <span class='ocrx_word' id='word_1_14' title='bbox 602 365 874 406; x_wconf 83' lang='lat' dir='ltr'>abstulerunt</span> <span class='ocrx_word' id='word_1_15' title='bbox 893 371 1010 412; x_wconf 82' lang='lat' dir='ltr'>atrae,</span> 
     </span>
    </p>
   </div>
   <div class='ocr_carea' id='block_1_5' title="bbox 217 428 947 485">
    <p class='ocr_par' dir='ltr' id='par_1_5' title="bbox 217 428 947 485">
     <span class='ocr_line' id='line_1_6' title="bbox 217 428 947 485; baseline 0.001 -17"><span class='ocrx_word' id='word_1_16' title='bbox 217 428 451 470; x_wconf 86' lang='lat' dir='ltr'>Dimidiam</span> <span class='ocrx_word' id='word_1_17' title='bbox 481 436 640 485; x_wconf 85' lang='lat' dir='ltr'>partem</span> <span class='ocrx_word' id='word_1_18' title='bbox 674 445 695 470; x_wconf 87' lang='lat' dir='ltr'>e</span> <span class='ocrx_word' id='word_1_19' title='bbox 727 429 947 483; x_wconf 86' lang='lat' dir='ltr'>pluribus:</span> 
     </span>
    </p>
   </div>
   <div class='ocr_carea' id='block_1_6' title="bbox 384 500 534 548">
    <p class='ocr_par' dir='ltr' id='par_1_6' title="bbox 384 500 534 548">
     <span class='ocr_line' id='line_1_7' title="bbox 384 500 534 548; baseline 0 -14"><span class='ocrx_word' id='word_1_20' title='bbox 384 500 534 548; x_wconf 86' lang='lat' dir='ltr'>perant</span> 
     </span>
    </p>
   </div>
   <div class='ocr_carea' id='block_1_7' title="bbox 979 429 1661 535">
    <p class='ocr_par' dir='ltr' id='par_1_7' title="bbox 979 429 1661 535">
     <span class='ocr_line' id='line_1_8' title="bbox 979 429 1661 485; baseline 0.001 -17"><span class='ocrx_word' id='word_1_21' title='bbox 979 429 1064 469; x_wconf 92' lang='lat' dir='ltr'>duo</span> <span class='ocrx_word' id='word_1_22' title='bbox 1096 436 1237 469; x_wconf 87' lang='lat' dir='ltr'>autem</span> <span class='ocrx_word' id='word_1_23' title='bbox 1269 430 1384 485; x_wconf 83' lang='lat' dir='ltr'>gnati</span> <span class='ocrx_word' id='word_1_24' title='bbox 1418 429 1558 471; x_wconf 85' lang='lat' dir='ltr'>adhuc</span> <span class='ocrx_word' id='word_1_25' title='bbox 1588 445 1661 471; x_wconf 84' lang='lat' dir='ltr'>su-</span> 
     </span>
     <span class='ocr_line' id='line_1_9' title="bbox 1607 496 1658 535; baseline 0.02 -1"><span class='ocrx_word' id='word_1_26' title='bbox 1607 496 1658 535; x_wconf 79' lang='lat'>15</span> 
     </span>
    </p>
   </div>
   <div class='ocr_carea' id='block_1_8' title="bbox 215 558 1317 678">
    <p class='ocr_par' dir='ltr' id='par_1_8' title="bbox 215 558 1317 678">
     <span class='ocr_line' id='line_1_10' title="bbox 215 558 1317 614; baseline 0.001 -17"><span class='ocrx_word' id='word_1_27' title='bbox 215 558 423 606; x_wconf 83' lang='lat' dir='ltr'>Infantes,</span> <span class='ocrx_word' id='word_1_28' title='bbox 439 559 645 602; x_wconf 83' lang='lat' dir='ltr'>malorum</span> <span class='ocrx_word' id='word_1_29' title='bbox 666 558 807 606; x_wconf 88' lang='lat' dir='ltr'>inscii,</span> <span class='ocrx_word' id='word_1_30' title='bbox 828 559 970 599; x_wconf 84' lang='lat' dir='ltr'>adhuc</span> <span class='ocrx_word' id='word_1_31' title='bbox 987 572 1158 614; x_wconf 84' lang='lat' dir='ltr'>prorsus</span> <span class='ocrx_word' id='word_1_32' title='bbox 1181 559 1317 614; x_wconf 82' lang='lat' dir='ltr'>ignari</span> 
     </span>
     <span class='ocr_line' id='line_1_11' title="bbox 215 621 1277 678; baseline 0 -15"><span class='ocrx_word' id='word_1_33' title='bbox 215 621 393 669; x_wconf 83' lang='lat' dir='ltr'>Qualem</span> <span class='ocrx_word' id='word_1_34' title='bbox 417 623 501 663; x_wconf 85' lang='lat' dir='ltr'>illis</span> <span class='ocrx_word' id='word_1_35' title='bbox 524 638 683 663; x_wconf 86' lang='lat' dir='ltr'>saevum</span> <span class='ocrx_word' id='word_1_36' title='bbox 707 622 858 664; x_wconf 85' lang='lat' dir='ltr'>Fatum</span> <span class='ocrx_word' id='word_1_37' title='bbox 881 630 1056 663; x_wconf 85' lang='lat' dir='ltr'>matrem</span> <span class='ocrx_word' id='word_1_38' title='bbox 1077 622 1277 678; x_wconf 81' lang='lat' dir='ltr'>rapuerit,</span> 
     </span>
    </p>
   </div>
   <div class='ocr_carea' id='block_1_9' title="bbox 445 704 1423 743">
    <p class='ocr_par' dir='ltr' id='par_1_9' title="bbox 445 704 1423 743">
     <span class='ocr_line' id='line_1_12' title="bbox 445 704 1423 743; baseline 0.001 -11"><span class='ocrx_word' id='word_1_39' title='bbox 445 704 456 721; x_wconf 86' lang='lat'><strong>⁴</strong></span> <span class='ocrx_word' id='word_1_40' title='bbox 480 711 545 743; x_wconf 75' lang='grc' dir='ltr'>σφιν</span> <span class='ocrx_word' id='word_1_41' title='bbox 559 704 632 737; x_wconf 75' lang='grc' dir='ltr'>νηδῆς</span> <span class='ocrx_word' id='word_1_42' title='bbox 647 706 678 734; x_wconf 89' lang='lat' dir='ltr'>S.</span> <span class='ocrx_word' id='word_1_43' title='bbox 695 704 740 733; x_wconf 88' lang='lat' dir='ltr'>M.</span> <span class='ocrx_word' id='word_1_44' title='bbox 758 711 824 743; x_wconf 69' lang='grc' dir='ltr'>σφιν</span> <span class='ocrx_word' id='word_1_45' title='bbox 840 706 917 737; x_wconf 68' lang='grc' dir='ltr'>νηλὴς</span> <span class='ocrx_word' id='word_1_46' title='bbox 932 709 1072 743; x_wconf 79' lang='lat' dir='ltr'>tanquam</span> <span class='ocrx_word' id='word_1_47' title='bbox 1091 715 1128 733; x_wconf 76' lang='lat' dir='ltr'>ex</span> <span class='ocrx_word' id='word_1_48' title='bbox 1145 714 1294 734; x_wconf 85' lang='lat' dir='ltr'>marmore</span> <span class='ocrx_word' id='word_1_49' title='bbox 1310 704 1423 733; x_wconf 84' lang='lat' dir='ltr'>caeteri.</span> 
     </span>
    </p>
   </div>
   <div class='ocr_carea' id='block_1_10' title="bbox 211 779 919 895">
    <p class='ocr_par' dir='ltr' id='par_1_10' title="bbox 211 779 919 895">
     <span class='ocr_line' id='line_1_13' title="bbox 211 779 919 819; baseline 0.006 -13"><span class='ocrx_word' id='word_1_50' title='bbox 211 788 331 817; x_wconf 90' lang='lat' dir='ltr'>quoque</span> <span class='ocrx_word' id='word_1_51' title='bbox 352 784 436 809; x_wconf 80' lang='lat' dir='ltr'>actus</span> <span class='ocrx_word' id='word_1_52' title='bbox 459 785 506 809; x_wconf 80' lang='lat' dir='ltr'>est</span> <span class='ocrx_word' id='word_1_53' title='bbox 520 790 536 809; x_wconf 90' lang='lat' dir='ltr'>a</span> <span class='ocrx_word' id='word_1_54' title='bbox 553 779 691 815; x_wconf 89' lang='lat' dir='ltr'>Bradua‚</span> <span class='ocrx_word' id='word_1_55' title='bbox 708 780 840 819; x_wconf 84' lang='lat' dir='ltr'>Regillae</span> <span class='ocrx_word' id='word_1_56' title='bbox 862 781 919 810; x_wconf 84' lang='lat' dir='ltr'>fra-</span> 
     </span>
     <span class='ocr_line' id='line_1_14' title="bbox 212 822 917 856; baseline 0.006 -8"><span class='ocrx_word' id='word_1_57' title='bbox 212 825 268 856; x_wconf 89' lang='lat' dir='ltr'>tre,</span> <span class='ocrx_word' id='word_1_58' title='bbox 285 825 316 850; x_wconf 84' lang='lat' dir='ltr'>at</span> <span class='ocrx_word' id='word_1_59' title='bbox 339 822 510 851; x_wconf 87' lang='lat' dir='ltr'>absolutus.</span> <span class='ocrx_word' id='word_1_60' title='bbox 534 823 657 852; x_wconf 84' lang='lat' dir='ltr'>Falsum</span> <span class='ocrx_word' id='word_1_61' title='bbox 680 823 777 853; x_wconf 80' lang='lat' dir='ltr'>fuisse</span> <span class='ocrx_word' id='word_1_62' title='bbox 803 823 917 852; x_wconf 86' lang='lat' dir='ltr'>crimen</span> 
     </span>
     <span class='ocr_line' id='line_1_15' title="bbox 212 863 752 895; baseline 0.007 -5"><span class='ocrx_word' id='word_1_63' title='bbox 212 863 368 893; x_wconf 80' lang='lat' dir='ltr'>adstruere</span> <span class='ocrx_word' id='word_1_64' title='bbox 391 869 517 894; x_wconf 85' lang='lat' dir='ltr'>conatur</span> <span class='ocrx_word' id='word_1_65' title='bbox 534 864 752 895; x_wconf 79' lang='lat' dir='ltr'>Philostratus.</span> 
     </span>
    </p>
   </div>
   <div class='ocr_carea' id='block_1_11' title="bbox 205 949 917 1969">
    <p class='ocr_par' dir='ltr' id='par_1_11' title="bbox 205 949 917 1581">
     <span class='ocr_line' id='line_1_16' title="bbox 212 949 917 989; baseline 0.004 -12"><span class='ocrx_word' id='word_1_66' title='bbox 212 949 340 978; x_wconf 87' lang='lat' dir='ltr'>cundum</span> <span class='ocrx_word' id='word_1_67' title='bbox 356 949 469 979; x_wconf 88' lang='lat' dir='ltr'>Consul</span> <span class='ocrx_word' id='word_1_68' title='bbox 483 949 547 979; x_wconf 84' lang='lat' dir='ltr'>fieri</span> <span class='ocrx_word' id='word_1_69' title='bbox 560 956 675 989; x_wconf 81' lang='lat' dir='ltr'>posset,</span> <span class='ocrx_word' id='word_1_70' title='bbox 690 951 797 987; x_wconf 88' lang='lat' dir='ltr'>noluit,</span> <span class='ocrx_word' id='word_1_71' title='bbox 816 956 845 981; x_wconf 85' lang='lat' dir='ltr'>et</span> <span class='ocrx_word' id='word_1_72' title='bbox 861 951 917 980; x_wconf 85' lang='lat' dir='ltr'>boc</span> 
     </span>
     <span class='ocr_line' id='line_1_17' title="bbox 211 991 917 1031; baseline 0.004 -11"><span class='ocrx_word' id='word_1_73' title='bbox 211 991 349 1030; x_wconf 82' lang='lat' dir='ltr'>conjugis</span> <span class='ocrx_word' id='word_1_74' title='bbox 368 993 508 1022; x_wconf 87' lang='lat' dir='ltr'>manibus</span> <span class='ocrx_word' id='word_1_75' title='bbox 525 993 642 1028; x_wconf 78' lang='lat' dir='ltr'>tribuit,</span> <span class='ocrx_word' id='word_1_76' title='bbox 655 994 734 1031; x_wconf 89' lang='lat' dir='ltr'>quod</span> <span class='ocrx_word' id='word_1_77' title='bbox 753 1004 816 1023; x_wconf 85' lang='lat' dir='ltr'>eam</span> <span class='ocrx_word' id='word_1_78' title='bbox 836 994 917 1023; x_wconf 83' lang='lat' dir='ltr'>scili-</span> 
     </span>
     <span class='ocr_line' id='line_1_18' title="bbox 211 1034 917 1072; baseline 0.003 -10"><span class='ocrx_word' id='word_1_79' title='bbox 211 1037 260 1062; x_wconf 82' lang='lat' dir='ltr'>cet</span> <span class='ocrx_word' id='word_1_80' title='bbox 272 1034 399 1072; x_wconf 83' lang='lat' dir='ltr'>lugeret.</span> <span class='ocrx_word' id='word_1_81' title='bbox 426 1035 576 1064; x_wconf 81' lang='lat' dir='ltr'>Memorat</span> <span class='ocrx_word' id='word_1_82' title='bbox 589 1036 679 1065; x_wconf 87' lang='lat' dir='ltr'>etiam</span> <span class='ocrx_word' id='word_1_83' title='bbox 698 1037 917 1071; x_wconf 75' lang='lat' dir='ltr'>Philostratus,</span> 
     </span>
     <span class='ocr_line' id='line_1_19' title="bbox 211 1077 915 1118; baseline 0.006 -13"><span class='ocrx_word' id='word_1_84' title='bbox 211 1077 368 1106; x_wconf 84' lang='lat' dir='ltr'>Herodem</span> <span class='ocrx_word' id='word_1_85' title='bbox 386 1082 479 1106; x_wconf 82' lang='lat' dir='ltr'>totam</span> <span class='ocrx_word' id='word_1_86' title='bbox 497 1078 618 1108; x_wconf 86' lang='lat' dir='ltr'>domum</span> <span class='ocrx_word' id='word_1_87' title='bbox 643 1083 673 1108; x_wconf 85' lang='lat' dir='ltr'>et</span> <span class='ocrx_word' id='word_1_88' title='bbox 699 1079 847 1117; x_wconf 84' lang='lat' dir='ltr'>parietum</span> <span class='ocrx_word' id='word_1_89' title='bbox 870 1080 915 1118; x_wconf 86' lang='lat' dir='ltr'>pi-</span> 
     </span>
     <span class='ocr_line' id='line_1_20' title="bbox 211 1119 916 1160; baseline 0.006 -13"><span class='ocrx_word' id='word_1_90' title='bbox 211 1123 324 1158; x_wconf 82' lang='lat' dir='ltr'>cturas,</span> <span class='ocrx_word' id='word_1_91' title='bbox 351 1120 445 1158; x_wconf 80' lang='lat' dir='ltr'>nigris</span> <span class='ocrx_word' id='word_1_92' title='bbox 475 1119 631 1150; x_wconf 79' lang='lat' dir='ltr'>induxisse</span> <span class='ocrx_word' id='word_1_93' title='bbox 664 1122 753 1156; x_wconf 91' lang='lat' dir='ltr'>velis,</span> <span class='ocrx_word' id='word_1_94' title='bbox 777 1133 844 1160; x_wconf 87' lang='lat' dir='ltr'>quae</span> <span class='ocrx_word' id='word_1_95' title='bbox 866 1132 916 1151; x_wconf 85' lang='lat' dir='ltr'>res</span> 
     </span>
     <span class='ocr_line' id='line_1_21' title="bbox 210 1164 914 1194; baseline 0.007 -5"><span class='ocrx_word' id='word_1_96' title='bbox 210 1165 272 1190; x_wconf 87' lang='lat' dir='ltr'>tum</span> <span class='ocrx_word' id='word_1_97' title='bbox 296 1172 374 1191; x_wconf 87' lang='lat' dir='ltr'>nova</span> <span class='ocrx_word' id='word_1_98' title='bbox 399 1168 473 1191; x_wconf 84' lang='lat' dir='ltr'>erat.</span> <span class='ocrx_word' id='word_1_99' title='bbox 504 1164 680 1193; x_wconf 79' lang='lat' dir='ltr'>Lectionem</span> <span class='ocrx_word' id='word_1_100' title='bbox 702 1164 914 1194; x_wconf 82' lang='lat' dir='ltr'>Salmasianam</span> 
     </span>
     <span class='ocr_line' id='line_1_22' title="bbox 209 1203 915 1246; baseline 0.007 -14"><span class='ocrx_word' id='word_1_101' title='bbox 209 1203 286 1243; x_wconf 64' lang='grc' dir='ltr'><em>χήρᾳ,</em></span> <span class='ocrx_word' id='word_1_102' title='bbox 312 1204 501 1245; x_wconf 73' lang='grc' dir='ltr'>πεξιχείμενον</span> <span class='ocrx_word' id='word_1_103' title='bbox 531 1206 591 1246; x_wconf 56' lang='lat' dir='ltr'>simii</span> <span class='ocrx_word' id='word_1_104' title='bbox 618 1206 781 1237; x_wconf 86' lang='lat' dir='ltr'>defendere</span> <span class='ocrx_word' id='word_1_105' title='bbox 812 1208 915 1237; x_wconf 81' lang='lat' dir='ltr'>studet</span> 
     </span>
     <span class='ocr_line' id='line_1_23' title="bbox 210 1246 912 1288; baseline 0.009 -14"><span class='ocrx_word' id='word_1_106' title='bbox 210 1246 357 1275; x_wconf 78' lang='lat' dir='ltr'>Reiskius</span> <span class='ocrx_word' id='word_1_107' title='bbox 374 1248 408 1276; x_wconf 87' lang='lat' dir='ltr'>ad</span> <span class='ocrx_word' id='word_1_108' title='bbox 432 1248 620 1278; x_wconf 68' lang='lat' dir='ltr'>Constantini</span> <span class='ocrx_word' id='word_1_109' title='bbox 639 1250 828 1288; x_wconf 76' lang='lat' dir='ltr'>Porphyrog.</span> <span class='ocrx_word' id='word_1_110' title='bbox 855 1251 912 1280; x_wconf 85' lang='lat' dir='ltr'>Ce-</span> 
     </span>
     <span class='ocr_line' id='line_1_24' title="bbox 207 1289 913 1342; baseline 0.008 -26"><span class='ocrx_word' id='word_1_111' title='bbox 207 1289 370 1318; x_wconf 85' lang='lat' dir='ltr'>remouiale</span> <span class='ocrx_word' id='word_1_112' title='bbox 397 1291 471 1319; x_wconf 84' lang='lat' dir='ltr'>aulae</span> <span class='ocrx_word' id='word_1_113' title='bbox 494 1290 620 1342; x_wconf 51' lang='lat' dir='ltr'>B&#39;yzant.</span> <span class='ocrx_word' id='word_1_114' title='bbox 646 1302 675 1330; x_wconf 90' lang='lat' dir='ltr'>p.</span> <span class='ocrx_word' id='word_1_115' title='bbox 701 1295 752 1322; x_wconf 86' lang='lat'>54.</span> <span class='ocrx_word' id='word_1_116' title='bbox 778 1292 818 1321; x_wconf 87' lang='lat' dir='ltr'>B.</span> <span class='ocrx_word' id='word_1_117' title='bbox 840 1294 913 1321; x_wconf 87' lang='lat' dir='ltr'>Om-</span> 
     </span>
     <span class='ocr_line' id='line_1_25' title="bbox 207 1330 913 1374; baseline 0.007 -15"><span class='ocrx_word' id='word_1_118' title='bbox 207 1330 278 1359; x_wconf 89' lang='lat' dir='ltr'>nino</span> <span class='ocrx_word' id='word_1_119' title='bbox 302 1331 480 1372; x_wconf 71' lang='grc' dir='ltr'>πεςιχεῖσθαι</span> <span class='ocrx_word' id='word_1_120' title='bbox 504 1333 574 1373; x_wconf 73' lang='grc' dir='ltr'>εὖνῇ,</span> <span class='ocrx_word' id='word_1_121' title='bbox 600 1342 655 1362; x_wconf 85' lang='lat' dir='ltr'>sese</span> <span class='ocrx_word' id='word_1_122' title='bbox 676 1333 881 1374; x_wconf 78' lang='lat' dir='ltr'>circumfunde</span> <span class='ocrx_word' id='word_1_123' title='bbox 883 1345 913 1364; x_wconf 84' lang='lat' dir='ltr'>re</span> 
     </span>
     <span class='ocr_line' id='line_1_26' title="bbox 205 1374 910 1417; baseline 0.004 -15"><span class='ocrx_word' id='word_1_124' title='bbox 205 1374 355 1413; x_wconf 81' lang='lat' dir='ltr'>stragulis,</span> <span class='ocrx_word' id='word_1_125' title='bbox 373 1376 496 1405; x_wconf 86' lang='lat' dir='ltr'>verbum</span> <span class='ocrx_word' id='word_1_126' title='bbox 521 1375 550 1405; x_wconf 89' lang='lat' dir='ltr'>in</span> <span class='ocrx_word' id='word_1_127' title='bbox 570 1386 606 1405; x_wconf 91' lang='lat' dir='ltr'>ea</span> <span class='ocrx_word' id='word_1_128' title='bbox 622 1386 653 1405; x_wconf 84' lang='lat' dir='ltr'>re</span> <span class='ocrx_word' id='word_1_129' title='bbox 677 1377 830 1417; x_wconf 86' lang='lat' dir='ltr'>proprium</span> <span class='ocrx_word' id='word_1_130' title='bbox 855 1383 910 1407; x_wconf 82' lang='lat' dir='ltr'>est.</span> 
     </span>
     <span class='ocr_line' id='line_1_27' title="bbox 207 1416 910 1458; baseline 0.006 -13"><span class='ocrx_word' id='word_1_131' title='bbox 207 1416 257 1445; x_wconf 79' lang='lat' dir='ltr'>Ita</span> <span class='ocrx_word' id='word_1_132' title='bbox 269 1416 460 1447; x_wconf 77' lang='lat' dir='ltr'>Mnesitheus</span> <span class='ocrx_word' id='word_1_133' title='bbox 471 1418 663 1447; x_wconf 80' lang='lat' dir='ltr'>Atheniensis</span> <span class='ocrx_word' id='word_1_134' title='bbox 674 1429 722 1458; x_wconf 86' lang='lat' dir='ltr'>ap.</span> <span class='ocrx_word' id='word_1_135' title='bbox 732 1420 910 1449; x_wconf 84' lang='lat' dir='ltr'>Athenaeum</span> 
     </span>
     <span class='ocr_line' id='line_1_28' title="bbox 208 1459 911 1500; baseline 0.006 -13"><span class='ocrx_word' id='word_1_136' title='bbox 208 1459 228 1487; x_wconf 91' lang='lat' dir='ltr'>l.</span> <span class='ocrx_word' id='word_1_137' title='bbox 239 1459 303 1488; x_wconf 89' lang='lat' dir='ltr'>XI.</span> <span class='ocrx_word' id='word_1_138' title='bbox 318 1469 349 1497; x_wconf 88' lang='lat' dir='ltr'>p.</span> <span class='ocrx_word' id='word_1_139' title='bbox 370 1462 443 1490; x_wconf 88' lang='lat'>486.</span> <span class='ocrx_word' id='word_1_140' title='bbox 457 1461 493 1490; x_wconf 89' lang='lat' dir='ltr'>C.</span> <span class='ocrx_word' id='word_1_141' title='bbox 517 1460 582 1490; x_wconf 70' lang='grc' dir='ltr'>εἶτα</span> <span class='ocrx_word' id='word_1_142' title='bbox 602 1459 648 1490; x_wconf 74' lang='grc' dir='ltr'>ἐὰν</span> <span class='ocrx_word' id='word_1_143' title='bbox 672 1460 778 1500; x_wconf 71' lang='grc' dir='ltr'>ἐμέο-ης</span> <span class='ocrx_word' id='word_1_144' title='bbox 803 1464 911 1498; x_wconf 80' lang='grc' dir='ltr'>ἱκανῶς,</span> 
     </span>
     <span class='ocr_line' id='line_1_29' title="bbox 207 1501 908 1550; baseline 0.007 -21"><span class='ocrx_word' id='word_1_145' title='bbox 207 1501 349 1531; x_wconf 75' lang='grc' dir='ltr'>ἀναπαύου</span> <span class='ocrx_word' id='word_1_146' title='bbox 363 1505 470 1541; x_wconf 78' lang='grc' dir='ltr'><strong><em>μικρῶς</em></strong></span> <span class='ocrx_word' id='word_1_147' title='bbox 485 1502 761 1550; x_wconf 62' lang='grc' dir='ltr'>περιχεάμενος.</span> <span class='ocrx_word' id='word_1_148' title='bbox 776 1505 816 1534; x_wconf 85' lang='lat' dir='ltr'>At</span> <span class='ocrx_word' id='word_1_149' title='bbox 832 1516 908 1544; x_wconf 79' lang='lat' dir='ltr'>prae-</span> 
     </span>
     <span class='ocr_line' id='line_1_30' title="bbox 207 1543 628 1581; baseline 0.007 -9"><span class='ocrx_word' id='word_1_150' title='bbox 207 1543 273 1573; x_wconf 88' lang='lat' dir='ltr'>fero</span> <span class='ocrx_word' id='word_1_151' title='bbox 291 1544 440 1581; x_wconf 69' lang='lat' dir='ltr'>vulgatam</span> <span class='ocrx_word' id='word_1_152' title='bbox 457 1544 628 1575; x_wconf 82' lang='lat' dir='ltr'>lectionem.</span> 
     </span>
    </p>

    <p class='ocr_par' dir='ltr' id='par_1_12' title="bbox 206 1585 910 1969">
     <span class='ocr_line' id='line_1_31' title="bbox 250 1585 907 1631; baseline 0.005 -15"><span class='ocrx_word' id='word_1_153' title='bbox 250 1585 356 1616; x_wconf 74' lang='grc' dir='ltr'>Οὕνεκοί</span> <span class='ocrx_word' id='word_1_154' title='bbox 367 1588 388 1617; x_wconf 83' lang='grc' dir='ltr'>οἱ</span> <span class='ocrx_word' id='word_1_155' title='bbox 406 1587 510 1621; x_wconf 77' lang='grc' dir='ltr'>παιδας</span> <span class='ocrx_word' id='word_1_156' title='bbox 532 1605 544 1610; x_wconf 95' lang='grc'>-</span> <span class='ocrx_word' id='word_1_157' title='bbox 560 1606 572 1611; x_wconf 92' lang='grc'>-</span> <span class='ocrx_word' id='word_1_158' title='bbox 622 1587 762 1627; x_wconf 76' lang='grc' dir='ltr'>Ημῖσεοις</span> <span class='ocrx_word' id='word_1_159' title='bbox 776 1590 907 1631; x_wconf 75' lang='grc' dir='ltr'>πλεόνων]</span> 
     </span>
     <span class='ocr_line' id='line_1_32' title="bbox 209 1629 909 1669; baseline 0.007 -12"><span class='ocrx_word' id='word_1_160' title='bbox 209 1629 321 1668; x_wconf 84' lang='lat' dir='ltr'>Opinio</span> <span class='ocrx_word' id='word_1_161' title='bbox 342 1631 424 1668; x_wconf 86' lang='lat' dir='ltr'>apud</span> <span class='ocrx_word' id='word_1_162' title='bbox 446 1631 584 1669; x_wconf 84' lang='lat' dir='ltr'>antiquos</span> <span class='ocrx_word' id='word_1_163' title='bbox 614 1631 779 1667; x_wconf 85' lang='lat' dir='ltr'>obtinebat,</span> <span class='ocrx_word' id='word_1_164' title='bbox 811 1633 909 1662; x_wconf 88' lang='lat' dir='ltr'>subita</span> 
     </span>
     <span class='ocr_line' id='line_1_33' title="bbox 208 1672 908 1713; baseline 0.006 -13"><span class='ocrx_word' id='word_1_165' title='bbox 208 1675 305 1700; x_wconf 84' lang='lat' dir='ltr'>morte</span> <span class='ocrx_word' id='word_1_166' title='bbox 330 1672 510 1709; x_wconf 85' lang='lat' dir='ltr'>exstinctos,</span> <span class='ocrx_word' id='word_1_167' title='bbox 536 1683 553 1702; x_wconf 90' lang='lat' dir='ltr'>a</span> <span class='ocrx_word' id='word_1_168' title='bbox 579 1673 638 1703; x_wconf 88' lang='lat' dir='ltr'>diis</span> <span class='ocrx_word' id='word_1_169' title='bbox 665 1675 730 1713; x_wconf 86' lang='lat' dir='ltr'>rapi</span> <span class='ocrx_word' id='word_1_170' title='bbox 752 1675 866 1709; x_wconf 81' lang='lat' dir='ltr'>inferis,</span> <span class='ocrx_word' id='word_1_171' title='bbox 892 1685 908 1704; x_wconf 87' lang='lat' dir='ltr'>a</span> 
     </span>
     <span class='ocr_line' id='line_1_34' title="bbox 208 1713 908 1756; baseline 0.006 -13"><span class='ocrx_word' id='word_1_172' title='bbox 208 1713 349 1750; x_wconf 80' lang='lat' dir='ltr'>Plutone,</span> <span class='ocrx_word' id='word_1_173' title='bbox 376 1715 566 1756; x_wconf 80' lang='lat' dir='ltr'>Proserpina,</span> <span class='ocrx_word' id='word_1_174' title='bbox 597 1716 675 1746; x_wconf 79' lang='lat' dir='ltr'>aliis.</span> <span class='ocrx_word' id='word_1_175' title='bbox 727 1718 796 1747; x_wconf 86' lang='lat' dir='ltr'>Hac</span> <span class='ocrx_word' id='word_1_176' title='bbox 826 1723 908 1747; x_wconf 88' lang='lat' dir='ltr'>certe</span> 
     </span>
     <span class='ocr_line' id='line_1_35' title="bbox 207 1757 907 1796; baseline 0.007 -11"><span class='ocrx_word' id='word_1_177' title='bbox 207 1757 405 1795; x_wconf 85' lang='lat' dir='ltr'>persuasione</span> <span class='ocrx_word' id='word_1_178' title='bbox 443 1769 476 1787; x_wconf 84' lang='lat' dir='ltr'>se</span> <span class='ocrx_word' id='word_1_179' title='bbox 507 1764 537 1788; x_wconf 84' lang='lat' dir='ltr'>et</span> <span class='ocrx_word' id='word_1_180' title='bbox 560 1758 635 1789; x_wconf 86' lang='lat' dir='ltr'>alios</span> <span class='ocrx_word' id='word_1_181' title='bbox 664 1760 907 1796; x_wconf 78' lang='lat' dir='ltr'>consolabantur,</span> 
     </span>
     <span class='ocr_line' id='line_1_36' title="bbox 208 1799 907 1838; baseline 0.007 -10"><span class='ocrx_word' id='word_1_182' title='bbox 208 1799 327 1838; x_wconf 87' lang='lat' dir='ltr'>quoties</span> <span class='ocrx_word' id='word_1_183' title='bbox 341 1800 409 1838; x_wconf 89' lang='lat' dir='ltr'>quis</span> <span class='ocrx_word' id='word_1_184' title='bbox 426 1800 457 1830; x_wconf 88' lang='lat' dir='ltr'>in</span> <span class='ocrx_word' id='word_1_185' title='bbox 476 1802 616 1837; x_wconf 86' lang='lat' dir='ltr'>natando,</span> <span class='ocrx_word' id='word_1_186' title='bbox 633 1803 780 1838; x_wconf 85' lang='lat' dir='ltr'>venando,</span> <span class='ocrx_word' id='word_1_187' title='bbox 808 1803 907 1833; x_wconf 85' lang='lat' dir='ltr'>aliove</span> 
     </span>
     <span class='ocr_line' id='line_1_37' title="bbox 206 1842 907 1884; baseline 0.007 -14"><span class='ocrx_word' id='word_1_188' title='bbox 206 1842 297 1871; x_wconf 90' lang='lat' dir='ltr'>modo</span> <span class='ocrx_word' id='word_1_189' title='bbox 321 1842 474 1881; x_wconf 83' lang='lat' dir='ltr'>perierat3</span> <span class='ocrx_word' id='word_1_190' title='bbox 496 1843 656 1882; x_wconf 84' lang='lat' dir='ltr'>imprimis,</span> <span class='ocrx_word' id='word_1_191' title='bbox 678 1845 702 1873; x_wconf 89' lang='lat' dir='ltr'>si</span> <span class='ocrx_word' id='word_1_192' title='bbox 725 1855 835 1884; x_wconf 82' lang='lat' dir='ltr'>corpus</span> <span class='ocrx_word' id='word_1_193' title='bbox 850 1856 907 1875; x_wconf 89' lang='lat' dir='ltr'>non</span> 
     </span>
     <span class='ocr_line' id='line_1_38' title="bbox 206 1883 910 1923; baseline 0.006 -10"><span class='ocrx_word' id='word_1_194' title='bbox 206 1883 404 1922; x_wconf 88' lang='lat' dir='ltr'>inveniretur,</span> <span class='ocrx_word' id='word_1_195' title='bbox 429 1886 570 1916; x_wconf 80' lang='lat' dir='ltr'>fluctibus</span> <span class='ocrx_word' id='word_1_196' title='bbox 594 1887 792 1923; x_wconf 85' lang='lat' dir='ltr'>submersum,</span> <span class='ocrx_word' id='word_1_197' title='bbox 821 1889 867 1917; x_wconf 86' lang='lat' dir='ltr'>vel</span> <span class='ocrx_word' id='word_1_198' title='bbox 893 1899 910 1918; x_wconf 81' lang='lat' dir='ltr'>a</span> 
     </span>
     <span class='ocr_line' id='line_1_39' title="bbox 207 1927 908 1969; baseline 0.006 -13"><span class='ocrx_word' id='word_1_199' title='bbox 207 1927 280 1956; x_wconf 81' lang='lat' dir='ltr'>seris</span> <span class='ocrx_word' id='word_1_200' title='bbox 311 1933 487 1958; x_wconf 86' lang='lat' dir='ltr'>comestum.</span> <span class='ocrx_word' id='word_1_201' title='bbox 530 1929 597 1959; x_wconf 84' lang='lat' dir='ltr'>Jam</span> <span class='ocrx_word' id='word_1_202' title='bbox 628 1930 792 1963; x_wconf 82' lang='lat' dir='ltr'>Homerus,</span> <span class='ocrx_word' id='word_1_203' title='bbox 821 1941 908 1969; x_wconf 87' lang='lat' dir='ltr'>quem</span> 
     </span>
    </p>
   </div>
   <div class='ocr_carea' id='block_1_12' title="bbox 207 1969 911 2042">
    <p class='ocr_par' dir='ltr' id='par_1_13' title="bbox 207 1969 911 2042">
     <span class='ocr_line' id='line_1_40' title="bbox 207 1969 911 2008; baseline 0.006 -10"><span class='ocrx_word' id='word_1_204' title='bbox 207 1969 286 1999; x_wconf 87' lang='lat' dir='ltr'>forte</span> <span class='ocrx_word' id='word_1_205' title='bbox 308 1975 376 1999; x_wconf 84' lang='lat' dir='ltr'>ante</span> <span class='ocrx_word' id='word_1_206' title='bbox 403 1971 506 2000; x_wconf 84' lang='lat' dir='ltr'>oculos</span> <span class='ocrx_word' id='word_1_207' title='bbox 529 1971 633 2001; x_wconf 85' lang='lat' dir='ltr'>habuit</span> <span class='ocrx_word' id='word_1_208' title='bbox 657 1973 833 2008; x_wconf 77' lang='lat' dir='ltr'>Marcellus,</span> <span class='ocrx_word' id='word_1_209' title='bbox 849 1974 911 2003; x_wconf 85' lang='lat' dir='ltr'>Od.</span> 
     </span>
     <span class='ocr_line' id='line_1_41' title="bbox 208 2010 331 2042; baseline 0.027 -3"><span class='ocrx_word' id='word_1_210' title='bbox 208 2010 244 2040; x_wconf 72' lang='grc' dir='ltr'>α’.</span> <span class='ocrx_word' id='word_1_211' title='bbox 260 2014 331 2042; x_wconf 72' lang='grc'><strong>241-</strong></span> 
     </span>
    </p>
   </div>
   <div class='ocr_carea' id='block_1_13' title="bbox 246 2070 908 2271">
    <p class='ocr_par' dir='ltr' id='par_1_14' title="bbox 250 2070 907 2149">
     <span class='ocr_line' id='line_1_42' title="bbox 250 2070 907 2114; baseline 0.008 -16"><span class='ocrx_word' id='word_1_212' title='bbox 250 2070 301 2099; x_wconf 75' lang='grc' dir='ltr'>Νῦν</span> <span class='ocrx_word' id='word_1_213' title='bbox 321 2070 348 2099; x_wconf 76' lang='grc' dir='ltr'>δέ</span> <span class='ocrx_word' id='word_1_214' title='bbox 376 2082 426 2109; x_wconf 84' lang='grc' dir='ltr'>μιν</span> <span class='ocrx_word' id='word_1_215' title='bbox 455 2072 597 2105; x_wconf 66' lang='grc' dir='ltr'>ἀκλειῶς*</span> <span class='ocrx_word' id='word_1_216' title='bbox 598 2071 761 2113; x_wconf 76' lang='grc' dir='ltr'>Ἀρπυιοιι</span> <span class='ocrx_word' id='word_1_217' title='bbox 783 2073 907 2114; x_wconf 74' lang='grc' dir='ltr'>ἀνηρεί-</span> 
     </span>
     <span class='ocr_line' id='line_1_43' title="bbox 336 2111 458 2149; baseline 0 -7"><span class='ocrx_word' id='word_1_218' title='bbox 336 2111 458 2149; x_wconf 71' lang='grc' dir='ltr'>ψαντο.</span> 
     </span>
    </p>

    <p class='ocr_par' dir='ltr' id='par_1_15' title="bbox 246 2152 908 2235">
     <span class='ocr_line' id='line_1_44' title="bbox 246 2152 908 2196; baseline 0.008 -13.116"><span class='ocrx_word' id='word_1_219' title='bbox 246 2152 358 2196; x_wconf 68' lang='grc' dir='ltr'>’ῼχετ’</span> <span class='ocrx_word' id='word_1_220' title='bbox 371 2155 480 2191; x_wconf 55' lang='lat' dir='ltr'>‘&#39;iic-voc,</span> <span class='ocrx_word' id='word_1_221' title='bbox 495 2156 635 2191; x_wconf 75' lang='grc' dir='ltr'>ἄπυστος,</span> <span class='ocrx_word' id='word_1_222' title='bbox 651 2155 712 2196; x_wconf 74' lang='grc' dir='ltr'>ἐμοὶ</span> <span class='ocrx_word' id='word_1_223' title='bbox 726 2157 749 2187; x_wconf 59' lang='grc' dir='ltr'>ἃ</span> <span class='ocrx_word' id='word_1_224' title='bbox 771 2157 862 2192; x_wconf 78' lang='grc' dir='ltr'>ὀδύνας</span> <span class='ocrx_word' id='word_1_225' title='bbox 875 2169 908 2188; x_wconf 74' lang='grc' dir='ltr'>τε</span> 
     </span>
     <span class='ocr_line' id='line_1_45' title="bbox 336 2197 460 2235; baseline 0.008 -8"><span class='ocrx_word' id='word_1_226' title='bbox 336 2197 413 2235; x_wconf 75' lang='grc' dir='ltr'>γόους</span> <span class='ocrx_word' id='word_1_227' title='bbox 427 2210 460 2228; x_wconf 70' lang='grc' dir='ltr'>’τε</span> 
     </span>
    </p>

    <p class='ocr_par' dir='ltr' id='par_1_16' title="bbox 249 2238 401 2271">
     <span class='ocr_line' id='line_1_46' title="bbox 249 2238 401 2271; baseline 0.013 -3"><span class='ocrx_word' id='word_1_228' title='bbox 249 2238 401 2271; x_wconf 73' lang='grc' dir='ltr'>κάλλιπεν.</span> 
     </span>
    </p>
   </div>
   <div class='ocr_carea' id='block_1_14' title="bbox 207 2296 385 2329">
    <p class='ocr_par' dir='ltr' id='par_1_17' title="bbox 207 2296 385 2329">
     <span class='ocr_line' id='line_1_47' title="bbox 207 2296 385 2329; baseline 0.011 -2"><span class='ocrx_word' id='word_1_229' title='bbox 207 2298 267 2327; x_wconf 81' lang='lat' dir='ltr'>Od.</span> <span class='ocrx_word' id='word_1_230' title='bbox 282 2296 316 2327; x_wconf 77' lang='lat' dir='ltr'>v&#39;.</span> <span class='ocrx_word' id='word_1_231' title='bbox 331 2300 385 2329; x_wconf 78' lang='grc'>76.</span> 
     </span>
    </p>
   </div>
   <div class='ocr_carea' id='block_1_15' title="bbox 249 2355 908 2515">
    <p class='ocr_par' dir='ltr' id='par_1_18' title="bbox 250 2355 908 2437">
     <span class='ocr_line' id='line_1_48' title="bbox 250 2355 908 2399; baseline 0.002 -13"><span class='ocrx_word' id='word_1_232' title='bbox 250 2355 340 2397; x_wconf 60' lang='grc' dir='ltr'>τόφρα</span> <span class='ocrx_word' id='word_1_233' title='bbox 362 2356 467 2391; x_wconf 77' lang='grc' dir='ltr'><strong><em>δὲτὰς</em></strong></span> <span class='ocrx_word' id='word_1_234' title='bbox 483 2358 576 2398; x_wconf 62' lang='lat' dir='ltr'>uotique</span> <span class='ocrx_word' id='word_1_235' title='bbox 587 2358 626 2389; x_wconf 77' lang='lat' dir='ltr'>”A</span> <span class='ocrx_word' id='word_1_236' title='bbox 635 2370 715 2399; x_wconf 76' lang='grc' dir='ltr'>ςπυι</span> <span class='ocrx_word' id='word_1_237' title='bbox 725 2371 761 2389; x_wconf 84' lang='grc' dir='ltr'>αι</span> <span class='ocrx_word' id='word_1_238' title='bbox 778 2361 796 2388; x_wconf 76' lang='grc' dir='ltr'>ἀ</span> <span class='ocrx_word' id='word_1_239' title='bbox 805 2371 836 2389; x_wconf 79' lang='grc' dir='ltr'>νη</span> <span class='ocrx_word' id='word_1_240' title='bbox 845 2371 858 2399; x_wconf 72' lang='grc' dir='ltr'><em>ς</em></span> <span class='ocrx_word' id='word_1_241' title='bbox 867 2370 877 2388; x_wconf 83' lang='grc' dir='ltr'>ε</span> <span class='ocrx_word' id='word_1_242' title='bbox 886 2358 908 2387; x_wconf 91' lang='grc' dir='ltr'>ι’-</span> 
     </span>
     <span class='ocr_line' id='line_1_49' title="bbox 324 2398 460 2453; baseline 0 -25"><span class='ocrx_word' id='word_1_243' title='bbox 324 2398 359 2453; x_wconf 53' lang='lat' dir='ltr'>:la</span> <span class='ocrx_word' id='word_1_244' title='bbox 366 2411 385 2428; x_wconf 84' lang='grc' dir='ltr'>α</span> <span class='ocrx_word' id='word_1_245' title='bbox 392 2411 404 2429; x_wconf 90' lang='grc' dir='ltr'>ν</span> <span class='ocrx_word' id='word_1_246' title='bbox 412 2412 432 2430; x_wconf 82' lang='grc' dir='ltr'><strong><em>τ</em></strong></span> <span class='ocrx_word' id='word_1_247' title='bbox 438 2411 460 2436; x_wconf 82' lang='lat' dir='ltr'>o,</span> 
     </span>
    </p>

    <p class='ocr_par' dir='ltr' id='par_1_19' title="bbox 249 2441 907 2515">
     <span class='ocr_line' id='line_1_50' title="bbox 249 2441 907 2485; baseline 0.005 -14"><span class='ocrx_word' id='word_1_248' title='bbox 249 2441 298 2472; x_wconf 79' lang='grc' dir='ltr'>καί</span> <span class='ocrx_word' id='word_1_249' title='bbox 319 2441 340 2483; x_wconf 82' lang='grc' dir='ltr'>ῥ’</span> <span class='ocrx_word' id='word_1_250' title='bbox 362 2441 458 2472; x_wconf 66' lang='grc' dir='ltr'>ἔδοσαν</span> <span class='ocrx_word' id='word_1_251' title='bbox 474 2443 641 2485; x_wconf 69' lang='grc' dir='ltr'>στυγερῗίο-ιν</span> <span class='ocrx_word' id='word_1_252' title='bbox 654 2444 790 2484; x_wconf 76' lang='grc' dir='ltr'>Ἐςιννύο-ιν</span> <span class='ocrx_word' id='word_1_253' title='bbox 813 2446 907 2485; x_wconf 75' lang='grc' dir='ltr'>ἀμφι-</span> 
     </span>
     <span class='ocr_line' id='line_1_51' title="bbox 334 2484 469 2515; baseline 0 -1"><span class='ocrx_word' id='word_1_254' title='bbox 334 2484 469 2515; x_wconf 81' lang='grc' dir='ltr'>πολεύειν.</span> 
     </span>
    </p>
   </div>
   <div class='ocr_carea' id='block_1_16' title="bbox 206 2542 909 2624">
    <p class='ocr_par' dir='ltr' id='par_1_20' title="bbox 206 2542 909 2624">
     <span class='ocr_line' id='line_1_52' title="bbox 206 2542 909 2585; baseline 0.004 -14"><span class='ocrx_word' id='word_1_255' title='bbox 206 2542 411 2573; x_wconf 84' lang='lat' dir='ltr'>Scholiastes:</span> <span class='ocrx_word' id='word_1_256' title='bbox 441 2542 588 2585; x_wconf 73' lang='grc' dir='ltr'>“Αρπυιαι,</span> <span class='ocrx_word' id='word_1_257' title='bbox 616 2544 748 2583; x_wconf 70' lang='grc' dir='ltr'>δαίμονες.</span> <span class='ocrx_word' id='word_1_258' title='bbox 777 2544 791 2576; x_wconf 74' lang='grc' dir='ltr'>ἢ</span> <span class='ocrx_word' id='word_1_259' title='bbox 815 2545 909 2585; x_wconf 74' lang='grc' dir='ltr'>ἄνεμοι</span> 
     </span>
     <span class='ocr_line' id='line_1_53' title="bbox 207 2585 821 2624; baseline 0.007 -11"><span class='ocrx_word' id='word_1_260' title='bbox 207 2585 386 2624; x_wconf 60' lang='lat' dir='ltr'>&amp;goram-moi.</span> <span class='ocrx_word' id='word_1_261' title='bbox 409 2588 458 2617; x_wconf 91' lang='lat' dir='ltr'>De</span> <span class='ocrx_word' id='word_1_262' title='bbox 474 2589 605 2623; x_wconf 38' lang='lat' dir='ltr'>Aurmqa</span> <span class='ocrx_word' id='word_1_263' title='bbox 619 2588 678 2617; x_wconf 90' lang='lat' dir='ltr'>Od.</span> <span class='ocrx_word' id='word_1_264' title='bbox 697 2587 726 2617; x_wconf 90' lang='grc' dir='ltr'>ο’.</span> <span class='ocrx_word' id='word_1_265' title='bbox 745 2590 821 2618; x_wconf 70' lang='lat'>250.</span> 
     </span>
    </p>
   </div>
   <div class='ocr_carea' id='block_1_17' title="bbox 249 2642 910 2727">
    <p class='ocr_par' dir='ltr' id='par_1_21' title="bbox 249 2642 910 2727">
     <span class='ocr_line' id='line_1_54' title="bbox 249 2642 910 2697; baseline 0.005 -26"><span class='ocrx_word' id='word_1_266' title='bbox 249 2642 319 2672; x_wconf 81' lang='grc' dir='ltr'>ἀλλ’</span> <span class='ocrx_word' id='word_1_267' title='bbox 329 2655 388 2674; x_wconf 80' lang='grc' dir='ltr'>ητοι</span> <span class='ocrx_word' id='word_1_268' title='bbox 401 2645 514 2674; x_wconf 74' lang='grc' dir='ltr'>Κλειτον</span> <span class='ocrx_word' id='word_1_269' title='bbox 524 2644 718 2697; x_wconf 61' lang='lat' dir='ltr'>xpuccifigovoc⁸</span> <span class='ocrx_word' id='word_1_270' title='bbox 704 2656 823 2686; x_wconf 68' lang='grc' dir='ltr'>ἣρπασεν</span> <span class='ocrx_word' id='word_1_271' title='bbox 833 2645 910 2680; x_wconf 73' lang='grc' dir='ltr'>Ἠὼς,</span> 
     </span>
     <span class='ocr_line' id='line_1_55' title="bbox 249 2683 881 2727; baseline 0.008 -14"><span class='ocrx_word' id='word_1_272' title='bbox 249 2683 368 2719; x_wconf 79' lang='grc' dir='ltr'>κοίλλεος</span> <span class='ocrx_word' id='word_1_273' title='bbox 381 2686 468 2716; x_wconf 73' lang='grc' dir='ltr'>εἵνεκα</span> <span class='ocrx_word' id='word_1_274' title='bbox 483 2685 530 2726; x_wconf 78' lang='grc' dir='ltr'>οἷο,</span> <span class='ocrx_word' id='word_1_275' title='bbox 545 2687 567 2718; x_wconf 79' lang='lat' dir='ltr'>i&#39;v</span> <span class='ocrx_word' id='word_1_276' title='bbox 569 2686 753 2718; x_wconf 68' lang='grc' dir='ltr'>’ἀθανάτοισι</span> <span class='ocrx_word' id='word_1_277' title='bbox 769 2687 881 2727; x_wconf 80' lang='grc' dir='ltr'><strong><em>μετείη</em></strong></span> 
     </span>
    </p>
   </div>
   <div class='ocr_carea' id='block_1_18' title="bbox 207 2743 908 2825">
    <p class='ocr_par' dir='ltr' id='par_1_22' title="bbox 207 2743 908 2825">
     <span class='ocr_line' id='line_1_56' title="bbox 208 2743 908 2782; baseline 0.009 -11"><span class='ocrx_word' id='word_1_278' title='bbox 208 2743 403 2782; x_wconf 71' lang='lat' dir='ltr'>Epigramma</span> <span class='ocrx_word' id='word_1_279' title='bbox 419 2746 562 2776; x_wconf 91' lang='lat' dir='ltr'>DCCIX.</span> <span class='ocrx_word' id='word_1_280' title='bbox 583 2747 613 2776; x_wconf 87' lang='lat' dir='ltr'>iu</span> <span class='ocrx_word' id='word_1_281' title='bbox 630 2747 771 2777; x_wconf 83' lang='lat' dir='ltr'>Analeet.</span> <span class='ocrx_word' id='word_1_282' title='bbox 794 2748 908 2778; x_wconf 87' lang='lat' dir='ltr'>Brunk.</span> 
     </span>
     <span class='ocr_line' id='line_1_57' title="bbox 207 2786 492 2825; baseline 0.018 -11"><span class='ocrx_word' id='word_1_283' title='bbox 207 2786 243 2815; x_wconf 87' lang='grc' dir='ltr'>Τ.</span> <span class='ocrx_word' id='word_1_284' title='bbox 260 2786 327 2816; x_wconf 92' lang='lat' dir='ltr'>III</span> <span class='ocrx_word' id='word_1_285' title='bbox 337 2797 406 2825; x_wconf 86' lang='lat' dir='ltr'>pag.</span> <span class='ocrx_word' id='word_1_286' title='bbox 419 2789 492 2819; x_wconf 86' lang='lat'>304.</span> 
     </span>
    </p>
   </div>
   <div class='ocr_carea' id='block_1_19' title="bbox 248 2842 908 3013">
    <p class='ocr_par' dir='ltr' id='par_1_23' title="bbox 248 2842 908 2929">
     <span class='ocr_line' id='line_1_58' title="bbox 248 2842 908 2887; baseline 0.006 -15"><span class='ocrx_word' id='word_1_287' title='bbox 248 2842 366 2883; x_wconf 76' lang='grc' dir='ltr'>Νύμφαι</span> <span class='ocrx_word' id='word_1_288' title='bbox 375 2843 501 2884; x_wconf 75' lang='grc' dir='ltr'>Κρηναῖοιί</span> <span class='ocrx_word' id='word_1_289' title='bbox 510 2857 549 2886; x_wconf 83' lang='grc' dir='ltr'>με</span> <span class='ocrx_word' id='word_1_290' title='bbox 562 2859 747 2887; x_wconf 71' lang='grc' dir='ltr'>συνηξωασοιν</span> <span class='ocrx_word' id='word_1_291' title='bbox 757 2846 788 2877; x_wconf 75' lang='grc' dir='ltr'>ἐκ</span> <span class='ocrx_word' id='word_1_292' title='bbox 797 2847 908 2884; x_wconf 79' lang='grc' dir='ltr'>Βιότοιο,</span> 
     </span>
     <span class='ocr_line' id='line_1_59' title="bbox 290 2885 907 2939; baseline 0.01 -25"><span class='ocrx_word' id='word_1_293' title='bbox 290 2886 339 2915; x_wconf 74' lang='grc' dir='ltr'>καὶ</span> <span class='ocrx_word' id='word_1_294' title='bbox 347 2885 388 2915; x_wconf 80' lang='grc' dir='ltr'>τοί</span> <span class='ocrx_word' id='word_1_295' title='bbox 413 2899 432 2915; x_wconf 76' lang='grc' dir='ltr'>α.</span> <span class='ocrx_word' id='word_1_296' title='bbox 443 2898 496 2917; x_wconf 89' lang='grc' dir='ltr'>που</span> <span class='ocrx_word' id='word_1_297' title='bbox 506 2901 594 2939; x_wconf 64' lang='grc' dir='ltr'>τιμῆς</span> <span class='ocrx_word' id='word_1_298' title='bbox 605 2890 701 2921; x_wconf 81' lang='grc' dir='ltr'>εἶ’νειιοι</span> <span class='ocrx_word' id='word_1_299' title='bbox 705 2889 783 2921; x_wconf 75' lang='grc' dir='ltr'>τουτ’</span> <span class='ocrx_word' id='word_1_300' title='bbox 798 2890 907 2926; x_wconf 77' lang='grc' dir='ltr'>ἔπαθον,</span> 
     </span>
    </p>

    <p class='ocr_par' dir='ltr' id='par_1_24' title="bbox 249 2927 863 3013">
     <span class='ocr_line' id='line_1_60' title="bbox 249 2927 863 2971; baseline 0.008 -15"><span class='ocrx_word' id='word_1_301' title='bbox 249 2927 340 2963; x_wconf 77' lang='grc' dir='ltr'>νηπίη,</span> <span class='ocrx_word' id='word_1_302' title='bbox 353 2929 411 2959; x_wconf 72' lang='grc' dir='ltr'>οὐδε</span> <span class='ocrx_word' id='word_1_303' title='bbox 427 2929 516 2960; x_wconf 79' lang='grc' dir='ltr'>δυοῖν’</span> <span class='ocrx_word' id='word_1_304' title='bbox 507 2931 589 2961; x_wconf 79' lang='grc' dir='ltr'>ετέοιν</span> <span class='ocrx_word' id='word_1_305' title='bbox 600 2931 682 2968; x_wconf 76' lang='grc' dir='ltr'>τέλος</span> <span class='ocrx_word' id='word_1_306' title='bbox 692 2932 863 2971; x_wconf 76' lang='grc' dir='ltr'>ἒξανόσασα,</span> 
     </span>
     <span class='ocr_line' id='line_1_61' title="bbox 292 2970 816 3013; baseline 0.014 -14"><span class='ocrx_word' id='word_1_307' title='bbox 292 2970 406 3002; x_wconf 77' lang='grc' dir='ltr'>Φιλησίη</span> <span class='ocrx_word' id='word_1_308' title='bbox 422 2973 470 3004; x_wconf 58' lang='lat' dir='ltr'>‘rinc</span> <span class='ocrx_word' id='word_1_309' title='bbox 482 2975 592 3010; x_wconf 62' lang='grc' dir='ltr'>κλῆσιν,</span> <span class='ocrx_word' id='word_1_310' title='bbox 609 2975 720 3009; x_wconf 81' lang='grc' dir='ltr'>Αὖο-ονις</span> <span class='ocrx_word' id='word_1_311' title='bbox 735 2975 816 3013; x_wconf 80' lang='grc' dir='ltr'>γένος.</span> 
     </span>
    </p>
   </div>
   <div class='ocr_carea' id='block_1_20' title="bbox 211 866 961 947">
    <p class='ocr_par' dir='ltr' id='par_1_25' title="bbox 211 866 961 947">
     <span class='ocr_line' id='line_1_62' title="bbox 815 866 961 895; baseline -0.007 0"><span class='ocrx_word' id='word_1_312' title='bbox 815 867 836 895; x_wconf 84' lang='lat' dir='ltr'>f.</span> <span class='ocrx_word' id='word_1_313' title='bbox 852 866 917 895; x_wconf 87' lang='lat' dir='ltr'>Sal·</span> <span class='ocrx_word' id='word_1_314' title='bbox 953 878 961 888; x_wconf 57' lang='grc' dir='ltr'>ν</span> 
     </span>
     <span class='ocr_line' id='line_1_63' title="bbox 211 876 919 947; baseline 0.006 -13"><span class='ocrx_word' id='word_1_315' title='bbox 211 915 287 935; x_wconf 82' lang='lat' dir='ltr'>mas.</span> <span class='ocrx_word' id='word_1_316' title='bbox 302 911 332 935; x_wconf 84' lang='lat' dir='ltr'>et</span> <span class='ocrx_word' id='word_1_317' title='bbox 342 907 480 936; x_wconf 88' lang='lat' dir='ltr'>Viscont.</span> <span class='ocrx_word' id='word_1_318' title='bbox 514 908 590 937; x_wconf 91' lang='lat' dir='ltr'>Cum</span> <span class='ocrx_word' id='word_1_319' title='bbox 603 918 695 947; x_wconf 85' lang='lat' dir='ltr'>porro</span> <span class='ocrx_word' id='word_1_320' title='bbox 711 876 853 938; x_wconf 56' lang='lat' dir='ltr'>Herhrdes</span> <span class='ocrx_word' id='word_1_321' title='bbox 871 919 919 937; x_wconf 88' lang='lat' dir='ltr'>se-</span> 
     </span>
    </p>
   </div>
   <div class='ocr_carea' id='block_1_21' title="bbox 955 779 1661 861">
    <p class='ocr_par' dir='ltr' id='par_1_26' title="bbox 955 779 1661 861">
     <span class='ocr_line' id='line_1_64' title="bbox 955 779 1661 816; baseline 0.001 -7"><span class='ocrx_word' id='word_1_322' title='bbox 955 779 1171 815; x_wconf 75' lang='lat' dir='ltr'>Callimachus,</span> <span class='ocrx_word' id='word_1_323' title='bbox 1200 781 1228 809; x_wconf 90' lang='lat' dir='ltr'>in</span> <span class='ocrx_word' id='word_1_324' title='bbox 1255 780 1391 810; x_wconf 84' lang='lat' dir='ltr'>Analect.</span> <span class='ocrx_word' id='word_1_325' title='bbox 1421 780 1539 810; x_wconf 82' lang='lat' dir='ltr'>Brunk.</span> <span class='ocrx_word' id='word_1_326' title='bbox 1566 781 1599 809; x_wconf 78' lang='lat' dir='ltr'>T.</span> <span class='ocrx_word' id='word_1_327' title='bbox 1631 781 1661 816; x_wconf 79' lang='grc' dir='ltr'>Ι,</span> 
     </span>
     <span class='ocr_line' id='line_1_65' title="bbox 955 824 1114 861; baseline 0 -10"><span class='ocrx_word' id='word_1_328' title='bbox 955 832 1026 861; x_wconf 82' lang='lat' dir='ltr'>pag.</span> <span class='ocrx_word' id='word_1_329' title='bbox 1040 824 1114 851; x_wconf 84' lang='lat'>470.</span> 
     </span>
    </p>
   </div>
   <div class='ocr_carea' id='block_1_22' title="bbox 964 879 1659 983">
    <p class='ocr_par' dir='ltr' id='par_1_27' title="bbox 964 879 1659 983">
     <span class='ocr_line' id='line_1_66' title="bbox 964 879 1659 921; baseline 0.001 -12"><span class='ocrx_word' id='word_1_330' title='bbox 964 879 1127 910; x_wconf 71' lang='grc' dir='ltr'>Αστοικίδην</span> <span class='ocrx_word' id='word_1_331' title='bbox 1158 880 1202 909; x_wconf 72' lang='grc' dir='ltr'>τᾶν</span> <span class='ocrx_word' id='word_1_332' title='bbox 1226 883 1320 920; x_wconf 55' lang='grc' dir='ltr'>Κρῆτα</span> <span class='ocrx_word' id='word_1_333' title='bbox 1348 882 1394 911; x_wconf 73' lang='grc' dir='ltr'>τὸν</span> <span class='ocrx_word' id='word_1_334' title='bbox 1417 881 1530 911; x_wconf 77' lang='grc' dir='ltr'>αἰπόλον</span> <span class='ocrx_word' id='word_1_335' title='bbox 1549 881 1659 921; x_wconf 53' lang='lat' dir='ltr'>‘hermae</span> 
     </span>
     <span class='ocr_line' id='line_1_67' title="bbox 1036 923 1140 963; baseline 0 -11"><span class='ocrx_word' id='word_1_336' title='bbox 1036 923 1140 963; x_wconf 81' lang='grc' dir='ltr'>Νύμφη</span> 
     </span>
     <span class='ocr_line' id='line_1_68' title="bbox 997 964 1330 983; baseline 0.003 -10"><span class='ocrx_word' id='word_1_337' title='bbox 997 964 1004 973; x_wconf 75' lang='grc'><strong><em>’</em></strong></span> <span class='ocrx_word' id='word_1_338' title='bbox 1038 965 1049 975; x_wconf 70' lang='grc' dir='ltr'><em>Ἰ</em></span> <span class='ocrx_word' id='word_1_339' title='bbox 1104 975 1111 983; x_wconf 71' lang='grc'><strong>.</strong></span> <span class='ocrx_word' id='word_1_340' title='bbox 1162 964 1330 976; x_wconf 42' lang='grc' dir='ltr'>ἴἴἴἴ</span> 
     </span>
    </p>
   </div>
   <div class='ocr_carea' id='block_1_23' title="bbox 952 1007 1656 1090">
    <p class='ocr_par' dir='ltr' id='par_1_28' title="bbox 952 1007 1656 1090">
     <span class='ocr_line' id='line_1_69' title="bbox 952 1007 1638 1049; baseline 0.004 -13"><span class='ocrx_word' id='word_1_341' title='bbox 952 1007 1044 1036; x_wconf 77' lang='grc' dir='ltr'>οὐκέτι</span> <span class='ocrx_word' id='word_1_342' title='bbox 1059 1008 1222 1049; x_wconf 74' lang='grc' dir='ltr'>Δικταίῃσιν</span> <span class='ocrx_word' id='word_1_343' title='bbox 1238 1009 1291 1038; x_wconf 80' lang='grc' dir='ltr'>ὑπο</span> <span class='ocrx_word' id='word_1_344' title='bbox 1309 1008 1408 1047; x_wconf 59' lang='grc' dir='ltr'>δρυσὶν,</span> <span class='ocrx_word' id='word_1_345' title='bbox 1423 1008 1515 1038; x_wconf 78' lang='grc' dir='ltr'>οὐκέτι</span> <span class='ocrx_word' id='word_1_346' title='bbox 1532 1010 1638 1048; x_wconf 74' lang='grc' dir='ltr'>Δάφνιν</span> 
     </span>
     <span class='ocr_line' id='line_1_70' title="bbox 1037 1049 1656 1090; baseline 0.002 -10"><span class='ocrx_word' id='word_1_347' title='bbox 1037 1050 1177 1090; x_wconf 81' lang='grc' dir='ltr'>ποιμένες,</span> <span class='ocrx_word' id='word_1_348' title='bbox 1192 1049 1362 1081; x_wconf 67' lang='grc' dir='ltr'>Ἀστακίδην</span> <span class='ocrx_word' id='word_1_349' title='bbox 1378 1051 1402 1081; x_wconf 75' lang='grc' dir='ltr'>δ’</span> <span class='ocrx_word' id='word_1_350' title='bbox 1417 1052 1475 1081; x_wconf 73' lang='grc' dir='ltr'>αἰὲν</span> <span class='ocrx_word' id='word_1_351' title='bbox 1489 1051 1656 1090; x_wconf 72' lang='grc' dir='ltr'>ἀεισόμεθα.</span> 
     </span>
    </p>
   </div>
   <div class='ocr_carea' id='block_1_24' title="bbox 944 1116 1657 1626">
    <p class='ocr_par' dir='ltr' id='par_1_29' title="bbox 944 1116 1657 1626">
     <span class='ocr_line' id='line_1_71' title="bbox 951 1116 1657 1157; baseline 0.006 -13"><span class='ocrx_word' id='word_1_352' title='bbox 951 1116 1012 1146; x_wconf 87' lang='lat' dir='ltr'>cnf.</span> <span class='ocrx_word' id='word_1_353' title='bbox 1033 1118 1148 1148; x_wconf 82' lang='lat' dir='ltr'>Jacobs</span> <span class='ocrx_word' id='word_1_354' title='bbox 1172 1118 1200 1147; x_wconf 86' lang='lat' dir='ltr'>in</span> <span class='ocrx_word' id='word_1_355' title='bbox 1220 1116 1386 1157; x_wconf 77' lang='lat' dir='ltr'>Antlrolog.</span> <span class='ocrx_word' id='word_1_356' title='bbox 1404 1120 1502 1147; x_wconf 78' lang='lat' dir='ltr'>Graec.</span> <span class='ocrx_word' id='word_1_357' title='bbox 1525 1120 1561 1148; x_wconf 87' lang='grc' dir='ltr'>Τ.</span> <span class='ocrx_word' id='word_1_358' title='bbox 1577 1120 1602 1148; x_wconf 86' lang='lat'>1.</span> <span class='ocrx_word' id='word_1_359' title='bbox 1619 1120 1657 1148; x_wconf 92' lang='lat' dir='ltr'>P.</span> 
     </span>
     <span class='ocr_line' id='line_1_72' title="bbox 951 1159 1655 1198; baseline 0.007 -12"><span class='ocrx_word' id='word_1_360' title='bbox 951 1159 995 1187; x_wconf 84' lang='lat'>11.</span> <span class='ocrx_word' id='word_1_361' title='bbox 1025 1170 1094 1198; x_wconf 81' lang='lat' dir='ltr'>pag.</span> <span class='ocrx_word' id='word_1_362' title='bbox 1124 1162 1197 1191; x_wconf 83' lang='lat'>301.</span> <span class='ocrx_word' id='word_1_363' title='bbox 1232 1161 1382 1190; x_wconf 83' lang='lat' dir='ltr'>Caeterum</span> <span class='ocrx_word' id='word_1_364' title='bbox 1412 1171 1477 1190; x_wconf 85' lang='lat' dir='ltr'>curn</span> <span class='ocrx_word' id='word_1_365' title='bbox 1508 1162 1655 1191; x_wconf 84' lang='lat' dir='ltr'>Marcello</span> 
     </span>
     <span class='ocr_line' id='line_1_73' title="bbox 949 1203 1657 1242; baseline 0.004 -12"><span class='ocrx_word' id='word_1_366' title='bbox 949 1203 1162 1232; x_wconf 78' lang='lat' dir='ltr'>conferendum</span> <span class='ocrx_word' id='word_1_367' title='bbox 1193 1203 1440 1232; x_wconf 83' lang='lat' dir='ltr'>venustissimum</span> <span class='ocrx_word' id='word_1_368' title='bbox 1472 1203 1657 1242; x_wconf 77' lang='lat' dir='ltr'>epigramma</span> 
     </span>
     <span class='ocr_line' id='line_1_74' title="bbox 948 1245 1656 1284; baseline 0.003 -11"><span class='ocrx_word' id='word_1_369' title='bbox 948 1253 996 1281; x_wconf 84' lang='lat' dir='ltr'>ap.</span> <span class='ocrx_word' id='word_1_370' title='bbox 1014 1245 1132 1274; x_wconf 86' lang='lat' dir='ltr'>Brunk.</span> <span class='ocrx_word' id='word_1_371' title='bbox 1149 1246 1288 1275; x_wconf 87' lang='lat' dir='ltr'>Analect.</span> <span class='ocrx_word' id='word_1_372' title='bbox 1310 1247 1344 1275; x_wconf 89' lang='lat' dir='ltr'>T.</span> <span class='ocrx_word' id='word_1_373' title='bbox 1364 1247 1427 1275; x_wconf 81' lang='lat'>111.</span> <span class='ocrx_word' id='word_1_374' title='bbox 1452 1256 1482 1284; x_wconf 85' lang='lat' dir='ltr'>p.</span> <span class='ocrx_word' id='word_1_375' title='bbox 1499 1249 1572 1276; x_wconf 79' lang='lat'>305.</span> <span class='ocrx_word' id='word_1_376' title='bbox 1596 1247 1656 1275; x_wconf 85' lang='lat' dir='ltr'>cns.</span> 
     </span>
     <span class='ocr_line' id='line_1_75' title="bbox 947 1287 1654 1327; baseline 0.006 -12"><span class='ocrx_word' id='word_1_377' title='bbox 947 1287 1045 1325; x_wconf 88' lang='lat' dir='ltr'>Toup.</span> <span class='ocrx_word' id='word_1_378' title='bbox 1058 1287 1086 1316; x_wconf 87' lang='lat' dir='ltr'>in</span> <span class='ocrx_word' id='word_1_379' title='bbox 1099 1288 1253 1317; x_wconf 74' lang='lat' dir='ltr'>Theocriti</span> <span class='ocrx_word' id='word_1_380' title='bbox 1268 1290 1410 1327; x_wconf 74' lang='lat' dir='ltr'>Syracus.</span> <span class='ocrx_word' id='word_1_381' title='bbox 1424 1299 1455 1326; x_wconf 91' lang='lat' dir='ltr'>p.</span> <span class='ocrx_word' id='word_1_382' title='bbox 1468 1291 1544 1320; x_wconf 65' lang='lat'>399.</span> <span class='ocrx_word' id='word_1_383' title='bbox 1560 1290 1654 1319; x_wconf 82' lang='lat' dir='ltr'>Poeta</span> 
     </span>
     <span class='ocr_line' id='line_1_76' title="bbox 947 1329 1654 1370; baseline 0.006 -14"><span class='ocrx_word' id='word_1_384' title='bbox 947 1334 1048 1359; x_wconf 82' lang='lat' dir='ltr'>noster</span> <span class='ocrx_word' id='word_1_385' title='bbox 1081 1330 1192 1359; x_wconf 84' lang='lat' dir='ltr'>Parcas</span> <span class='ocrx_word' id='word_1_386' title='bbox 1229 1336 1316 1360; x_wconf 83' lang='lat' dir='ltr'>vocat</span> <span class='ocrx_word' id='word_1_387' title='bbox 1352 1329 1472 1370; x_wconf 78' lang='grc' dir='ltr'>ἁρπυίας</span> <span class='ocrx_word' id='word_1_388' title='bbox 1509 1330 1654 1365; x_wconf 74' lang='grc' dir='ltr'>κλωθῶας,</span> 
     </span>
     <span class='ocr_line' id='line_1_77' title="bbox 946 1371 1654 1412; baseline 0.006 -13"><span class='ocrx_word' id='word_1_389' title='bbox 946 1371 1059 1407; x_wconf 76' lang='grc' dir='ltr'>Κλωθὼ,</span> <span class='ocrx_word' id='word_1_390' title='bbox 1073 1382 1131 1401; x_wconf 84' lang='lat' dir='ltr'>una</span> <span class='ocrx_word' id='word_1_391' title='bbox 1143 1383 1159 1401; x_wconf 87' lang='lat' dir='ltr'>e</span> <span class='ocrx_word' id='word_1_392' title='bbox 1173 1373 1290 1409; x_wconf 79' lang='lat' dir='ltr'>Parcis,</span> <span class='ocrx_word' id='word_1_393' title='bbox 1308 1376 1339 1402; x_wconf 89' lang='lat' dir='ltr'>et</span> <span class='ocrx_word' id='word_1_394' title='bbox 1352 1375 1397 1402; x_wconf 78' lang='lat' dir='ltr'>sic</span> <span class='ocrx_word' id='word_1_395' title='bbox 1414 1383 1520 1402; x_wconf 80' lang='lat' dir='ltr'>omnes</span> <span class='ocrx_word' id='word_1_396' title='bbox 1533 1384 1654 1412; x_wconf 87' lang='lat' dir='ltr'>quoque</span> 
     </span>
     <span class='ocr_line' id='line_1_78' title="bbox 946 1414 1651 1456; baseline 0.003 -13"><span class='ocrx_word' id='word_1_397' title='bbox 946 1414 1046 1444; x_wconf 80' lang='lat' dir='ltr'>dictae.</span> <span class='ocrx_word' id='word_1_398' title='bbox 1071 1415 1264 1453; x_wconf 83' lang='lat' dir='ltr'>Hesychius:</span> <span class='ocrx_word' id='word_1_399' title='bbox 1303 1414 1467 1448; x_wconf 65' lang='grc' dir='ltr'>Κλῶθες-</span> <span class='ocrx_word' id='word_1_400' title='bbox 1483 1416 1511 1444; x_wconf 78' lang='grc' dir='ltr'>αἱ</span> <span class='ocrx_word' id='word_1_401' title='bbox 1542 1418 1651 1456; x_wconf 70' lang='grc' dir='ltr'>μοῖξοιι.</span> 
     </span>
     <span class='ocr_line' id='line_1_79' title="bbox 946 1456 1654 1496; baseline 0.006 -12"><span class='ocrx_word' id='word_1_402' title='bbox 946 1456 995 1485; x_wconf 88' lang='lat' dir='ltr'>ubi</span> <span class='ocrx_word' id='word_1_403' title='bbox 1026 1457 1192 1487; x_wconf 82' lang='lat' dir='ltr'>Salmasius</span> <span class='ocrx_word' id='word_1_404' title='bbox 1231 1458 1358 1496; x_wconf 84' lang='lat' dir='ltr'>putabat</span> <span class='ocrx_word' id='word_1_405' title='bbox 1393 1458 1554 1496; x_wconf 83' lang='lat' dir='ltr'>legendum</span> <span class='ocrx_word' id='word_1_406' title='bbox 1585 1470 1654 1489; x_wconf 83' lang='lat' dir='ltr'>csse</span> 
     </span>
     <span class='ocr_line' id='line_1_80' title="bbox 944 1499 1653 1537; baseline 0.004 -10"><span class='ocrx_word' id='word_1_407' title='bbox 944 1499 1093 1533; x_wconf 65' lang='grc' dir='ltr'>Κλωθῶες.</span> <span class='ocrx_word' id='word_1_408' title='bbox 1147 1501 1208 1529; x_wconf 83' lang='lat' dir='ltr'>Sed</span> <span class='ocrx_word' id='word_1_409' title='bbox 1237 1499 1355 1534; x_wconf 62' lang='grc' dir='ltr'>Κλῶθες</span> <span class='ocrx_word' id='word_1_410' title='bbox 1379 1511 1451 1529; x_wconf 83' lang='lat' dir='ltr'>vera</span> <span class='ocrx_word' id='word_1_411' title='bbox 1476 1500 1567 1530; x_wconf 85' lang='lat' dir='ltr'>lectio</span> <span class='ocrx_word' id='word_1_412' title='bbox 1597 1508 1653 1537; x_wconf 79' lang='lat' dir='ltr'>est,</span> 
     </span>
     <span class='ocr_line' id='line_1_81' title="bbox 944 1541 1650 1581; baseline 0.004 -11"><span class='ocrx_word' id='word_1_413' title='bbox 944 1541 1068 1571; x_wconf 80' lang='lat' dir='ltr'>Codicis</span> <span class='ocrx_word' id='word_1_414' title='bbox 1086 1543 1230 1571; x_wconf 81' lang='lat' dir='ltr'>Marciani</span> <span class='ocrx_word' id='word_1_415' title='bbox 1245 1549 1274 1571; x_wconf 85' lang='lat' dir='ltr'>et</span> <span class='ocrx_word' id='word_1_416' title='bbox 1291 1543 1477 1581; x_wconf 85' lang='lat' dir='ltr'>antiquarum</span> <span class='ocrx_word' id='word_1_417' title='bbox 1496 1543 1566 1572; x_wconf 89' lang='lat' dir='ltr'>edd.</span> <span class='ocrx_word' id='word_1_418' title='bbox 1584 1554 1650 1573; x_wconf 86' lang='lat' dir='ltr'>nam</span> 
     </span>
     <span class='ocr_line' id='line_1_82' title="bbox 945 1584 1648 1626; baseline 0.004 -14"><span class='ocrx_word' id='word_1_419' title='bbox 945 1584 1080 1613; x_wconf 89' lang='lat' dir='ltr'>Homero</span> <span class='ocrx_word' id='word_1_420' title='bbox 1097 1585 1188 1614; x_wconf 83' lang='lat' dir='ltr'>dictae</span> <span class='ocrx_word' id='word_1_421' title='bbox 1206 1586 1308 1614; x_wconf 85' lang='lat' dir='ltr'>Parcae</span> <span class='ocrx_word' id='word_1_422' title='bbox 1325 1585 1524 1620; x_wconf 64' lang='grc' dir='ltr'>κατακλῶθες,</span> <span class='ocrx_word' id='word_1_423' title='bbox 1540 1586 1600 1615; x_wconf 88' lang='lat' dir='ltr'>Od.</span> <span class='ocrx_word' id='word_1_424' title='bbox 1616 1585 1648 1626; x_wconf 65' lang='grc' dir='ltr'>ρ’.</span> 
     </span>
    </p>
   </div>
   <div class='ocr_carea' id='block_1_25' title="bbox 946 1628 1016 1656">
    <p class='ocr_par' dir='ltr' id='par_1_30' title="bbox 946 1628 1016 1656">
     <span class='ocr_line' id='line_1_83' title="bbox 946 1628 1016 1656; baseline 0.014 -2"><span class='ocrx_word' id='word_1_425' title='bbox 946 1628 1016 1656; x_wconf 83' lang='grc'>197.</span> 
     </span>
    </p>
   </div>
   <div class='ocr_carea' id='block_1_26' title="bbox 940 1684 1649 3006">
    <p class='ocr_par' dir='ltr' id='par_1_31' title="bbox 1093 1684 1344 1716">
     <span class='ocr_line' id='line_1_84' title="bbox 1093 1684 1344 1716; baseline 0.004 -3"><span class='ocrx_word' id='word_1_426' title='bbox 1093 1703 1105 1709; x_wconf 87' lang='grc'>-</span> <span class='ocrx_word' id='word_1_427' title='bbox 1128 1684 1189 1714; x_wconf 76' lang='grc' dir='ltr'>ἔνθα.</span> <span class='ocrx_word' id='word_1_428' title='bbox 1205 1685 1227 1714; x_wconf 81' lang='grc' dir='ltr'>δ’</span> <span class='ocrx_word' id='word_1_429' title='bbox 1241 1684 1344 1716; x_wconf 75' lang='grc' dir='ltr'>ἔπειτα</span> 
     </span>
    </p>

    <p class='ocr_par' dir='ltr' id='par_1_32' title="bbox 985 1727 1646 1763">
     <span class='ocr_line' id='line_1_85' title="bbox 985 1727 1646 1763; baseline 0.002 -6"><span class='ocrx_word' id='word_1_430' title='bbox 985 1727 1116 1758; x_wconf 78' lang='grc' dir='ltr'>πείσεται</span> <span class='ocrx_word' id='word_1_431' title='bbox 1141 1728 1223 1756; x_wconf 72' lang='grc' dir='ltr'>ἄσσα</span> <span class='ocrx_word' id='word_1_432' title='bbox 1249 1729 1270 1758; x_wconf 82' lang='grc' dir='ltr'>οῖ</span> <span class='ocrx_word' id='word_1_433' title='bbox 1295 1728 1378 1763; x_wconf 65' lang='grc' dir='ltr'>αἶσα,</span> <span class='ocrx_word' id='word_1_434' title='bbox 1400 1727 1591 1762; x_wconf 63' lang='grc' dir='ltr'>κατακλῶν-θές</span> <span class='ocrx_word' id='word_1_435' title='bbox 1614 1739 1646 1758; x_wconf 78' lang='grc' dir='ltr'>τε</span> 
     </span>
    </p>

    <p class='ocr_par' dir='ltr' id='par_1_33' title="bbox 1068 1770 1176 1809">
     <span class='ocr_line' id='line_1_86' title="bbox 1068 1770 1176 1809; baseline 0.019 -12"><span class='ocrx_word' id='word_1_436' title='bbox 1068 1770 1176 1809; x_wconf 76' lang='grc' dir='ltr'>βαρεῖαι</span> 
     </span>
    </p>

    <p class='ocr_par' dir='ltr' id='par_1_34' title="bbox 941 1811 1646 2677">
     <span class='ocr_line' id='line_1_87' title="bbox 982 1811 1643 1854; baseline 0.005 -13"><span class='ocrx_word' id='word_1_437' title='bbox 982 1812 1125 1851; x_wconf 76' lang='grc' dir='ltr'>γεινομένῳ</span> <span class='ocrx_word' id='word_1_438' title='bbox 1133 1813 1250 1843; x_wconf 67' lang='grc' dir='ltr'>νήσαντο</span> <span class='ocrx_word' id='word_1_439' title='bbox 1262 1812 1389 1853; x_wconf 29' lang='grc' dir='ltr'>λίνῳιῖίτε</span> <span class='ocrx_word' id='word_1_440' title='bbox 1401 1823 1454 1854; x_wconf 81' lang='grc' dir='ltr'>μιν</span> <span class='ocrx_word' id='word_1_441' title='bbox 1463 1811 1527 1842; x_wconf 81' lang='grc' dir='ltr'>τέκε</span> <span class='ocrx_word' id='word_1_442' title='bbox 1539 1813 1643 1853; x_wconf 71' lang='grc' dir='ltr'><strong><em>μήτηξ.</em></strong></span> 
     </span>
     <span class='ocr_line' id='line_1_88' title="bbox 942 1870 1646 1905; baseline 0.001 -6"><span class='ocrx_word' id='word_1_443' title='bbox 942 1870 1145 1900; x_wconf 78' lang='lat' dir='ltr'>Scholiastes:</span> <span class='ocrx_word' id='word_1_444' title='bbox 1177 1871 1209 1901; x_wconf 82' lang='grc' dir='ltr'>τό</span> <span class='ocrx_word' id='word_1_445' title='bbox 1234 1870 1261 1900; x_wconf 77' lang='grc' dir='ltr'>δὲ</span> <span class='ocrx_word' id='word_1_446' title='bbox 1286 1870 1389 1904; x_wconf 78' lang='grc' dir='ltr'>κλῶΘες</span> <span class='ocrx_word' id='word_1_447' title='bbox 1415 1871 1429 1902; x_wconf 80' lang='grc' dir='ltr'>ἢ</span> <span class='ocrx_word' id='word_1_448' title='bbox 1455 1871 1646 1905; x_wconf 66' lang='grc' dir='ltr'>κατακλῶθες</span> 
     </span>
     <span class='ocr_line' id='line_1_89' title="bbox 941 1912 1645 1952; baseline 0.001 -10"><span class='ocrx_word' id='word_1_449' title='bbox 941 1912 1170 1952; x_wconf 62' lang='grc' dir='ltr'>μεταπλασμόν</span> <span class='ocrx_word' id='word_1_450' title='bbox 1185 1913 1293 1944; x_wconf 67' lang='grc' dir='ltr'>ἔπαθεν</span> <span class='ocrx_word' id='word_1_451' title='bbox 1308 1913 1340 1943; x_wconf 79' lang='grc' dir='ltr'>ἐκ.</span> <span class='ocrx_word' id='word_1_452' title='bbox 1362 1915 1411 1943; x_wconf 77' lang='grc' dir='ltr'>τοῦ</span> <span class='ocrx_word' id='word_1_453' title='bbox 1427 1914 1455 1943; x_wconf 77' lang='grc' dir='ltr'>αἱ</span> <span class='ocrx_word' id='word_1_454' title='bbox 1474 1914 1593 1949; x_wconf 56' lang='lat' dir='ltr'>›choo-5⁸:02,</span> <span class='ocrx_word' id='word_1_455' title='bbox 1615 1913 1645 1944; x_wconf 70' lang='grc' dir='ltr'>οὗ</span> 
     </span>
     <span class='ocr_line' id='line_1_90' title="bbox 942 1954 1644 1997; baseline 0.003 -14"><span class='ocrx_word' id='word_1_456' title='bbox 942 1954 1032 1984; x_wconf 71' lang='grc' dir='ltr'>εὐθεῖα</span> <span class='ocrx_word' id='word_1_457' title='bbox 1048 1958 1061 1986; x_wconf 77' lang='grc' dir='ltr'>ἦ</span> <span class='ocrx_word' id='word_1_458' title='bbox 1083 1957 1204 1986; x_wconf 64' lang='grc' dir='ltr'>Κλωθώ.</span> <span class='ocrx_word' id='word_1_459' title='bbox 1222 1957 1303 1986; x_wconf 72' lang='grc' dir='ltr'>δηλοῖ</span> <span class='ocrx_word' id='word_1_460' title='bbox 1315 1967 1348 1985; x_wconf 79' lang='grc' dir='ltr'>τε</span> <span class='ocrx_word' id='word_1_461' title='bbox 1364 1958 1420 1991; x_wconf 78' lang='grc' dir='ltr'>τοὶς</span> <span class='ocrx_word' id='word_1_462' title='bbox 1436 1955 1535 1997; x_wconf 50' lang='lat' dir='ltr'>uolgo-4·</span> <span class='ocrx_word' id='word_1_463' title='bbox 1549 1966 1644 1996; x_wconf 75' lang='grc' dir='ltr'>παξω-</span> 
     </span>
     <span class='ocr_line' id='line_1_91' title="bbox 942 1998 1644 2038; baseline 0.001 -11"><span class='ocrx_word' id='word_1_464' title='bbox 942 1998 1138 2037; x_wconf 55' lang='lat' dir='ltr'>vomo-&amp;siem</span> <span class='ocrx_word' id='word_1_465' title='bbox 1152 1999 1209 2028; x_wconf 76' lang='grc' dir='ltr'>ἀπὸ</span> <span class='ocrx_word' id='word_1_466' title='bbox 1230 2001 1303 2038; x_wconf 73' lang='grc' dir='ltr'>μιᾶς</span> <span class='ocrx_word' id='word_1_467' title='bbox 1322 1999 1411 2029; x_wconf 77' lang='grc' dir='ltr'>αὐτῶν</span> <span class='ocrx_word' id='word_1_468' title='bbox 1429 2001 1481 2032; x_wconf 64' lang='grc' dir='ltr'>τῆς</span> <span class='ocrx_word' id='word_1_469' title='bbox 1500 1999 1644 2033; x_wconf 70' lang='grc' dir='ltr'>Κλωθοῦς.</span> 
     </span>
     <span class='ocr_line' id='line_1_92' title="bbox 943 2041 1644 2071; baseline 0.003 -2"><span class='ocrx_word' id='word_1_470' title='bbox 943 2051 972 2069; x_wconf 85' lang='grc' dir='ltr'>ν.</span> <span class='ocrx_word' id='word_1_471' title='bbox 991 2041 1110 2070; x_wconf 78' lang='lat' dir='ltr'>Ernesti</span> <span class='ocrx_word' id='word_1_472' title='bbox 1133 2042 1170 2069; x_wconf 87' lang='lat' dir='ltr'>ad</span> <span class='ocrx_word' id='word_1_473' title='bbox 1187 2042 1279 2071; x_wconf 85' lang='lat' dir='ltr'>Hom.</span> <span class='ocrx_word' id='word_1_474' title='bbox 1305 2042 1326 2071; x_wconf 92' lang='lat' dir='ltr'>l.</span> <span class='ocrx_word' id='word_1_475' title='bbox 1343 2053 1371 2071; x_wconf 92' lang='lat' dir='ltr'>c.</span> <span class='ocrx_word' id='word_1_476' title='bbox 1414 2042 1568 2071; x_wconf 78' lang='lat' dir='ltr'>Observat</span> <span class='ocrx_word' id='word_1_477' title='bbox 1589 2042 1644 2071; x_wconf 83' lang='lat' dir='ltr'>Vi-</span> 
     </span>
     <span class='ocr_line' id='line_1_93' title="bbox 943 2084 1645 2123; baseline 0.004 -13.004"><span class='ocrx_word' id='word_1_478' title='bbox 943 2084 1078 2112; x_wconf 82' lang='lat' dir='ltr'>scontius</span> <span class='ocrx_word' id='word_1_479' title='bbox 1100 2084 1136 2113; x_wconf 80' lang='lat' dir='ltr'>ad</span> <span class='ocrx_word' id='word_1_480' title='bbox 1159 2084 1188 2113; x_wconf 85' lang='lat' dir='ltr'>b.</span> <span class='ocrx_word' id='word_1_481' title='bbox 1204 2085 1235 2119; x_wconf 82' lang='grc'>1.,</span> <span class='ocrx_word' id='word_1_482' title='bbox 1256 2085 1284 2112; x_wconf 92' lang='lat' dir='ltr'>in</span> <span class='ocrx_word' id='word_1_483' title='bbox 1307 2094 1427 2113; x_wconf 89' lang='lat' dir='ltr'>nummo</span> <span class='ocrx_word' id='word_1_484' title='bbox 1445 2084 1645 2123; x_wconf 78' lang='lat' dir='ltr'>Imperatoris</span> 
     </span>
     <span class='ocr_line' id='line_1_94' title="bbox 944 2125 1646 2164; baseline 0.003 -10"><span class='ocrx_word' id='word_1_485' title='bbox 944 2125 1138 2161; x_wconf 85' lang='lat' dir='ltr'>Diocletiani,</span> <span class='ocrx_word' id='word_1_486' title='bbox 1153 2131 1214 2155; x_wconf 87' lang='lat' dir='ltr'>tres</span> <span class='ocrx_word' id='word_1_487' title='bbox 1226 2127 1338 2156; x_wconf 80' lang='lat' dir='ltr'>Parcas</span> <span class='ocrx_word' id='word_1_488' title='bbox 1352 2132 1380 2156; x_wconf 86' lang='lat' dir='ltr'>et</span> <span class='ocrx_word' id='word_1_489' title='bbox 1395 2126 1517 2164; x_wconf 84' lang='lat' dir='ltr'>quidem</span> <span class='ocrx_word' id='word_1_490' title='bbox 1530 2132 1646 2162; x_wconf 77' lang='lat' dir='ltr'>nentes,</span> 
     </span>
     <span class='ocr_line' id='line_1_95' title="bbox 942 2169 1644 2208; baseline 0.001 -11"><span class='ocrx_word' id='word_1_491' title='bbox 942 2174 1172 2206; x_wconf 69' lang='lat' dir='ltr'>repraesentatas</span> <span class='ocrx_word' id='word_1_492' title='bbox 1185 2179 1264 2202; x_wconf 77' lang='lat' dir='ltr'>esse,</span> <span class='ocrx_word' id='word_1_493' title='bbox 1274 2179 1341 2198; x_wconf 87' lang='lat' dir='ltr'>cum</span> <span class='ocrx_word' id='word_1_494' title='bbox 1352 2169 1566 2208; x_wconf 84' lang='lat' dir='ltr'>inscriptione:</span> <span class='ocrx_word' id='word_1_495' title='bbox 1579 2169 1644 2199; x_wconf 64' lang='lat' dir='ltr'>FA-</span> 
     </span>
     <span class='ocr_line' id='line_1_96' title="bbox 943 2211 1643 2251; baseline 0.001 -11"><span class='ocrx_word' id='word_1_496' title='bbox 943 2221 996 2240; x_wconf 76' lang='lat' dir='ltr'>Trs</span> <span class='ocrx_word' id='word_1_497' title='bbox 1015 2221 1247 2247; x_wconf 75' lang='lat' dir='ltr'>vic-rmemus,</span> <span class='ocrx_word' id='word_1_498' title='bbox 1262 2212 1323 2241; x_wconf 87' lang='lat' dir='ltr'>vid.</span> <span class='ocrx_word' id='word_1_499' title='bbox 1339 2211 1480 2241; x_wconf 81' lang='lat' dir='ltr'>Viscont.</span> <span class='ocrx_word' id='word_1_500' title='bbox 1496 2223 1526 2251; x_wconf 84' lang='lat' dir='ltr'>p.</span> <span class='ocrx_word' id='word_1_501' title='bbox 1542 2214 1643 2241; x_wconf 85' lang='lat'>81.—</span> 
     </span>
     <span class='ocr_line' id='line_1_97' title="bbox 941 2252 1644 2292; baseline 0.003 -10"><span class='ocrx_word' id='word_1_502' title='bbox 941 2252 1116 2292; x_wconf 69' lang='grc' dir='ltr'>ἀνηρείψαντο</span> <span class='ocrx_word' id='word_1_503' title='bbox 1138 2258 1185 2283; x_wconf 85' lang='lat' dir='ltr'>est</span> <span class='ocrx_word' id='word_1_504' title='bbox 1207 2255 1330 2284; x_wconf 87' lang='lat' dir='ltr'>verbum</span> <span class='ocrx_word' id='word_1_505' title='bbox 1352 2254 1558 2290; x_wconf 86' lang='lat' dir='ltr'>Homericum,</span> <span class='ocrx_word' id='word_1_506' title='bbox 1573 2254 1644 2284; x_wconf 87' lang='lat' dir='ltr'>illu·</span> 
     </span>
     <span class='ocr_line' id='line_1_98' title="bbox 943 2296 1644 2335; baseline 0.001 -10"><span class='ocrx_word' id='word_1_507' title='bbox 943 2301 1068 2326; x_wconf 75' lang='lat' dir='ltr'>stratum</span> <span class='ocrx_word' id='word_1_508' title='bbox 1084 2298 1121 2326; x_wconf 89' lang='lat' dir='ltr'>ab</span> <span class='ocrx_word' id='word_1_509' title='bbox 1137 2297 1255 2326; x_wconf 84' lang='lat' dir='ltr'>Albert.</span> <span class='ocrx_word' id='word_1_510' title='bbox 1276 2297 1313 2326; x_wconf 83' lang='lat' dir='ltr'>ad</span> <span class='ocrx_word' id='word_1_511' title='bbox 1336 2296 1474 2335; x_wconf 77' lang='lat' dir='ltr'>Hesych.</span> <span class='ocrx_word' id='word_1_512' title='bbox 1497 2307 1564 2326; x_wconf 88' lang='lat' dir='ltr'>voc.</span> <span class='ocrx_word' id='word_1_513' title='bbox 1584 2297 1644 2327; x_wconf 76' lang='grc' dir='ltr'>ἀνε-</span> 
     </span>
     <span class='ocr_line' id='line_1_99' title="bbox 942 2336 1645 2378; baseline 0.006 -11"><span class='ocrx_word' id='word_1_514' title='bbox 942 2336 1058 2378; x_wconf 64' lang='grc' dir='ltr'>ρίῷαντο</span> <span class='ocrx_word' id='word_1_515' title='bbox 1074 2343 1104 2368; x_wconf 90' lang='lat' dir='ltr'>et</span> <span class='ocrx_word' id='word_1_516' title='bbox 1119 2337 1307 2378; x_wconf 64' lang='grc' dir='ltr'>ἀνηρείψαντο.</span> <span class='ocrx_word' id='word_1_517' title='bbox 1324 2349 1362 2368; x_wconf 85' lang='lat' dir='ltr'>ex</span> <span class='ocrx_word' id='word_1_518' title='bbox 1375 2339 1466 2368; x_wconf 88' lang='lat' dir='ltr'>Iliad.</span> <span class='ocrx_word' id='word_1_519' title='bbox 1482 2337 1515 2368; x_wconf 76' lang='grc' dir='ltr'>ν’.</span> <span class='ocrx_word' id='word_1_520' title='bbox 1526 2341 1599 2371; x_wconf 71' lang='lat'>234.</span> <span class='ocrx_word' id='word_1_521' title='bbox 1612 2345 1645 2370; x_wconf 85' lang='lat' dir='ltr'>et</span> 
     </span>
     <span class='ocr_line' id='line_1_100' title="bbox 943 2381 1644 2421; baseline 0.001 -10"><span class='ocrx_word' id='word_1_522' title='bbox 943 2381 1048 2411; x_wconf 66' lang='lat' dir='ltr'>Ocha‘.</span> <span class='ocrx_word' id='word_1_523' title='bbox 1064 2384 1135 2413; x_wconf 67' lang='lat'>241.</span> <span class='ocrx_word' id='word_1_524' title='bbox 1151 2382 1283 2420; x_wconf 83' lang='lat' dir='ltr'>itemque</span> <span class='ocrx_word' id='word_1_525' title='bbox 1302 2381 1440 2411; x_wconf 87' lang='lat' dir='ltr'>Hesiodo</span> <span class='ocrx_word' id='word_1_526' title='bbox 1456 2386 1486 2411; x_wconf 86' lang='lat' dir='ltr'>et</span> <span class='ocrx_word' id='word_1_527' title='bbox 1497 2382 1644 2421; x_wconf 87' lang='lat' dir='ltr'>Appollo-</span> 
     </span>
     <span class='ocr_line' id='line_1_101' title="bbox 942 2424 1643 2463; baseline 0.001 -10"><span class='ocrx_word' id='word_1_528' title='bbox 942 2424 1003 2453; x_wconf 89' lang='lat' dir='ltr'>nio.</span> <span class='ocrx_word' id='word_1_529' title='bbox 1040 2424 1128 2454; x_wconf 90' lang='lat' dir='ltr'>Adde</span> <span class='ocrx_word' id='word_1_530' title='bbox 1155 2425 1252 2463; x_wconf 86' lang='lat' dir='ltr'>Orph.</span> <span class='ocrx_word' id='word_1_531' title='bbox 1280 2425 1394 2463; x_wconf 88' lang='lat' dir='ltr'>Argon.</span> <span class='ocrx_word' id='word_1_532' title='bbox 1425 2426 1497 2453; x_wconf 72' lang='lat'>288.</span> <span class='ocrx_word' id='word_1_533' title='bbox 1537 2435 1565 2454; x_wconf 87' lang='grc' dir='ltr'>ν.</span> <span class='ocrx_word' id='word_1_534' title='bbox 1592 2426 1643 2455; x_wconf 86' lang='grc'>15.</span> 
     </span>
     <span class='ocr_line' id='line_1_102' title="bbox 942 2465 1644 2504; baseline 0.003 -10"><span class='ocrx_word' id='word_1_535' title='bbox 942 2465 1062 2504; x_wconf 72' lang='grc' dir='ltr'>ἡμίσεας</span> <span class='ocrx_word' id='word_1_536' title='bbox 1077 2466 1203 2497; x_wconf 81' lang='grc' dir='ltr'>πλεόνων.</span> <span class='ocrx_word' id='word_1_537' title='bbox 1245 2467 1383 2502; x_wconf 84' lang='lat' dir='ltr'>Quatuor</span> <span class='ocrx_word' id='word_1_538' title='bbox 1396 2467 1511 2496; x_wconf 81' lang='lat' dir='ltr'>liberos</span> <span class='ocrx_word' id='word_1_539' title='bbox 1526 2467 1644 2497; x_wconf 85' lang='lat' dir='ltr'>Herodi</span> 
     </span>
     <span class='ocr_line' id='line_1_103' title="bbox 944 2509 1644 2547; baseline 0.003 -10"><span class='ocrx_word' id='word_1_540' title='bbox 944 2509 1049 2538; x_wconf 84' lang='lat' dir='ltr'>tribuit</span> <span class='ocrx_word' id='word_1_541' title='bbox 1064 2516 1169 2538; x_wconf 90' lang='lat' dir='ltr'>auctor</span> <span class='ocrx_word' id='word_1_542' title='bbox 1180 2509 1404 2547; x_wconf 81' lang='lat' dir='ltr'>Inscriptionis‚</span> <span class='ocrx_word' id='word_1_543' title='bbox 1415 2509 1559 2539; x_wconf 85' lang='lat' dir='ltr'>dissentit</span> <span class='ocrx_word' id='word_1_544' title='bbox 1570 2519 1644 2539; x_wconf 86' lang='lat' dir='ltr'>vero</span> 
     </span>
     <span class='ocr_line' id='line_1_104' title="bbox 944 2551 1643 2582; baseline 0.001 -2"><span class='ocrx_word' id='word_1_545' title='bbox 944 2551 1160 2581; x_wconf 75' lang='lat' dir='ltr'>Philostratus.</span> <span class='ocrx_word' id='word_1_546' title='bbox 1204 2551 1408 2582; x_wconf 78' lang='lat' dir='ltr'>Difficultates</span> <span class='ocrx_word' id='word_1_547' title='bbox 1434 2563 1473 2582; x_wconf 88' lang='lat' dir='ltr'>ex</span> <span class='ocrx_word' id='word_1_548' title='bbox 1501 2553 1556 2580; x_wconf 76' lang='lat' dir='ltr'>hac</span> <span class='ocrx_word' id='word_1_549' title='bbox 1580 2552 1643 2581; x_wconf 90' lang='lat' dir='ltr'>dis-</span> 
     </span>
     <span class='ocr_line' id='line_1_105' title="bbox 944 2594 1643 2632; baseline 0.001 -10"><span class='ocrx_word' id='word_1_550' title='bbox 944 2595 1080 2623; x_wconf 82' lang='lat' dir='ltr'>sensione</span> <span class='ocrx_word' id='word_1_551' title='bbox 1106 2598 1136 2623; x_wconf 87' lang='lat' dir='ltr'>et</span> <span class='ocrx_word' id='word_1_552' title='bbox 1159 2595 1303 2623; x_wconf 84' lang='lat' dir='ltr'>varietate</span> <span class='ocrx_word' id='word_1_553' title='bbox 1324 2598 1417 2629; x_wconf 82' lang='lat' dir='ltr'>ortas,</span> <span class='ocrx_word' id='word_1_554' title='bbox 1441 2594 1590 2632; x_wconf 84' lang='lat' dir='ltr'>expositae</span> <span class='ocrx_word' id='word_1_555' title='bbox 1612 2594 1643 2623; x_wconf 89' lang='lat' dir='ltr'>in</span> 
     </span>
     <span class='ocr_line' id='line_1_106' title="bbox 943 2635 1503 2677; baseline 0 -13"><span class='ocrx_word' id='word_1_556' title='bbox 943 2641 1004 2665; x_wconf 89' lang='lat' dir='ltr'>not.</span> <span class='ocrx_word' id='word_1_557' title='bbox 1022 2635 1111 2677; x_wconf 85' lang='lat'>(11),</span> <span class='ocrx_word' id='word_1_558' title='bbox 1127 2637 1164 2666; x_wconf 90' lang='lat' dir='ltr'>ad</span> <span class='ocrx_word' id='word_1_559' title='bbox 1183 2637 1247 2666; x_wconf 89' lang='lat' dir='ltr'>Vit.</span> <span class='ocrx_word' id='word_1_560' title='bbox 1264 2636 1381 2666; x_wconf 83' lang='lat' dir='ltr'>Herod.</span> <span class='ocrx_word' id='word_1_561' title='bbox 1394 2637 1503 2666; x_wconf 84' lang='lat' dir='ltr'>Attici.</span> 
     </span>
    </p>

    <p class='ocr_par' dir='ltr' id='par_1_35' title="bbox 940 2679 1649 3006">
     <span class='ocr_line' id='line_1_107' title="bbox 985 2679 1642 2719; baseline -0.005 -10"><span class='ocrx_word' id='word_1_562' title='bbox 985 2685 1052 2716; x_wconf 78' lang='grc' dir='ltr'>Σφιν</span> <span class='ocrx_word' id='word_1_563' title='bbox 1067 2679 1160 2719; x_wconf 69' lang='grc' dir='ltr'>νηλὴς]</span> <span class='ocrx_word' id='word_1_564' title='bbox 1186 2679 1278 2718; x_wconf 85' lang='lat' dir='ltr'>Lapis</span> <span class='ocrx_word' id='word_1_565' title='bbox 1292 2680 1428 2709; x_wconf 83' lang='lat' dir='ltr'>exhibet:</span> <span class='ocrx_word' id='word_1_566' title='bbox 1455 2683 1642 2711; x_wconf 84' lang='grc' dir='ltr'><strong><em>ΣΦΙΝΗΔΗΣ,</em></strong></span> 
     </span>
     <span class='ocr_line' id='line_1_108' title="bbox 943 2719 1643 2752; baseline -0.003 -2"><span class='ocrx_word' id='word_1_567' title='bbox 943 2722 1056 2751; x_wconf 87' lang='lat' dir='ltr'>omissa</span> <span class='ocrx_word' id='word_1_568' title='bbox 1071 2721 1157 2750; x_wconf 84' lang='lat' dir='ltr'>litera</span> <span class='ocrx_word' id='word_1_569' title='bbox 1175 2733 1196 2750; x_wconf 91' lang='grc' dir='ltr'>ν.</span> <span class='ocrx_word' id='word_1_570' title='bbox 1216 2722 1334 2752; x_wconf 83' lang='lat' dir='ltr'>Passim</span> <span class='ocrx_word' id='word_1_571' title='bbox 1356 2720 1470 2750; x_wconf 90' lang='lat' dir='ltr'>similes</span> <span class='ocrx_word' id='word_1_572' title='bbox 1488 2719 1643 2749; x_wconf 81' lang='lat' dir='ltr'>observati</span> 
     </span>
     <span class='ocr_line' id='line_1_109' title="bbox 943 2762 1643 2803; baseline -0.004 -11"><span class='ocrx_word' id='word_1_573' title='bbox 943 2768 1012 2793; x_wconf 80' lang='lat' dir='ltr'>sunt</span> <span class='ocrx_word' id='word_1_574' title='bbox 1028 2774 1146 2793; x_wconf 85' lang='lat' dir='ltr'>errores</span> <span class='ocrx_word' id='word_1_575' title='bbox 1162 2765 1191 2794; x_wconf 87' lang='lat' dir='ltr'>in</span> <span class='ocrx_word' id='word_1_576' title='bbox 1204 2763 1458 2803; x_wconf 76' lang='lat' dir='ltr'>Inscriptionibus</span> <span class='ocrx_word' id='word_1_577' title='bbox 1471 2769 1502 2791; x_wconf 87' lang='lat' dir='ltr'>et</span> <span class='ocrx_word' id='word_1_578' title='bbox 1512 2762 1643 2790; x_wconf 78' lang='lat' dir='ltr'>auctori-</span> 
     </span>
     <span class='ocr_line' id='line_1_110' title="bbox 942 2803 1644 2845; baseline -0.006 -9"><span class='ocrx_word' id='word_1_579' title='bbox 942 2807 998 2836; x_wconf 90' lang='lat' dir='ltr'>bus</span> <span class='ocrx_word' id='word_1_580' title='bbox 1009 2806 1150 2845; x_wconf 75' lang='lat' dir='ltr'>antiquis.</span> <span class='ocrx_word' id='word_1_581' title='bbox 1175 2808 1210 2837; x_wconf 85' lang='lat' dir='ltr'>ln</span> <span class='ocrx_word' id='word_1_582' title='bbox 1220 2806 1424 2845; x_wconf 86' lang='lat' dir='ltr'>Inscriptione</span> <span class='ocrx_word' id='word_1_583' title='bbox 1434 2815 1482 2843; x_wconf 84' lang='lat' dir='ltr'>ap.</span> <span class='ocrx_word' id='word_1_584' title='bbox 1494 2803 1644 2840; x_wconf 81' lang='lat' dir='ltr'>Ghishun,</span> 
     </span>
     <span class='ocr_line' id='line_1_111' title="bbox 942 2845 1642 2888; baseline -0.004 -10"><span class='ocrx_word' id='word_1_585' title='bbox 942 2849 1045 2887; x_wconf 84' lang='lat' dir='ltr'>Antiq.</span> <span class='ocrx_word' id='word_1_586' title='bbox 1060 2848 1162 2885; x_wconf 74' lang='lat' dir='ltr'>Asiat.</span> <span class='ocrx_word' id='word_1_587' title='bbox 1185 2858 1257 2888; x_wconf 83' lang='lat' dir='ltr'>pag.</span> <span class='ocrx_word' id='word_1_588' title='bbox 1280 2851 1332 2879; x_wconf 84' lang='lat'>98.</span> <span class='ocrx_word' id='word_1_589' title='bbox 1357 2848 1412 2876; x_wconf 85' lang='lat' dir='ltr'>lin.</span> <span class='ocrx_word' id='word_1_590' title='bbox 1436 2847 1488 2877; x_wconf 80' lang='lat'>55.</span> <span class='ocrx_word' id='word_1_591' title='bbox 1510 2845 1642 2883; x_wconf 81' lang='lat' dir='ltr'>legitur:</span> 
     </span>
     <span class='ocr_line' id='line_1_112' title="bbox 940 2890 1643 2931; baseline -0.007 -9"><span class='ocrx_word' id='word_1_592' title='bbox 940 2897 1160 2927; x_wconf 46' lang='lat' dir='ltr'>TAETHAAzs</span> <span class='ocrx_word' id='word_1_593' title='bbox 1173 2902 1228 2931; x_wconf 80' lang='lat' dir='ltr'>pro</span> <span class='ocrx_word' id='word_1_594' title='bbox 1253 2896 1325 2920; x_wconf 87' lang='grc' dir='ltr'>ΤΑΣ</span> <span class='ocrx_word' id='word_1_595' title='bbox 1345 2894 1502 2920; x_wconf 76' lang='grc' dir='ltr'>ΣΤΗΛΑΣ.</span> <span class='ocrx_word' id='word_1_596' title='bbox 1523 2899 1551 2926; x_wconf 79' lang='lat' dir='ltr'>p.</span> <span class='ocrx_word' id='word_1_597' title='bbox 1569 2890 1643 2918; x_wconf 65' lang='lat'><strong>102·</strong></span> 
     </span>
     <span class='ocr_line' id='line_1_113' title="bbox 940 2934 1642 2970; baseline -0.004 -7"><span class='ocrx_word' id='word_1_598' title='bbox 940 2934 992 2963; x_wconf 77' lang='lat' dir='ltr'>lln.</span> <span class='ocrx_word' id='word_1_599' title='bbox 1008 2936 1058 2965; x_wconf 81' lang='lat'>18.</span> <span class='ocrx_word' id='word_1_600' title='bbox 1102 2938 1389 2966; x_wconf 78' lang='grc' dir='ltr'><strong>ΤῙΣΤΟΧΑΖΟΙΤΟ,</strong></span> <span class='ocrx_word' id='word_1_601' title='bbox 1407 2941 1462 2970; x_wconf 82' lang='lat' dir='ltr'>pro</span> <span class='ocrx_word' id='word_1_602' title='bbox 1477 2936 1537 2959; x_wconf 84' lang='grc' dir='ltr'>ΤῙΣ</span> <span class='ocrx_word' id='word_1_603' title='bbox 1555 2935 1642 2960; x_wconf 79' lang='grc' dir='ltr'>ΣΤΟ·</span> 
     </span>
     <span class='ocr_line' id='line_1_114' title="bbox 941 2973 1649 3006; baseline -0.006 0"><span class='ocrx_word' id='word_1_604' title='bbox 941 2982 1114 3006; x_wconf 65' lang='lat' dir='ltr'>xszorro.</span> <span class='ocrx_word' id='word_1_605' title='bbox 1164 2978 1200 3006; x_wconf 91' lang='lat' dir='ltr'>In</span> <span class='ocrx_word' id='word_1_606' title='bbox 1226 2976 1324 3005; x_wconf 76' lang='lat' dir='ltr'>codd.</span> <span class='ocrx_word' id='word_1_607' title='bbox 1353 2974 1441 3003; x_wconf 89' lang='lat' dir='ltr'>MSS.</span> <span class='ocrx_word' id='word_1_608' title='bbox 1470 2983 1526 3003; x_wconf 85' lang='lat' dir='ltr'>non</span> <span class='ocrx_word' id='word_1_609' title='bbox 1552 2973 1649 3002; x_wconf 77' lang='lat' dir='ltr'>infre-</span> 
     </span>
    </p>
   </div>
  </div>
 </body>
</html>
