1981 3255
745 149 1080 193 PRAEFATIO.
1549 150 1633 191 557

200 281 323 318 neque
351 268 548 307 multorum
572 265 834 304 Bibliothecas
859 263 961 315 apud
984 276 1067 309 nos,
1088 264 1295 313 exemplari
1314 264 1444 314 aliquo
1465 269 1638 302 ornatum

201 331 243 368 iri
264 330 466 381 probabile
487 329 652 367 videtur.

255 393 400 437 Restat,
420 397 462 428 ut
491 390 673 428 nonnulla
694 389 742 427 de
758 388 1004 434 carminibus,
1023 398 1231 438 eorumque
1254 388 1383 425 indole
1398 388 1646 438 adjiciamus.

203 452 409 492 Credidere
428 452 510 489 Viri
535 450 640 489 docti
659 451 956 501 Inscriptionum
976 457 1170 488 auctorem
1205 462 1289 486 esse
1320 449 1516 487 Herodem
1542 449 1642 487 Atti-

202 526 307 558 cum;
339 513 462 563 primo
499 520 604 550 certe
635 513 721 550 loco
747 512 900 561 positae.
971 514 1025 549 At
1061 511 1151 549 mihi
1182 510 1336 548 omnino
1375 523 1461 548 vera
1494 511 1646 548 videtur

201 587 282 612 esse
316 575 504 612 sententia
533 574 736 618 Viscontii,
758 573 824 623 qui
853 573 1076 611 Marcellum
1107 571 1281 617 Sideten‚
1318 579 1491 621 tempore
1521 570 1645 609 Marci

203 634 351 672 Aurelii
391 634 587 672 florentem
627 642 794 685 poetam,
831 640 1025 671 auctorem
1056 647 1138 670 esse
1176 639 1300 683 putat.
1358 632 1524 676 Etenim,
1560 643 1646 681 quae

204 695 374 732 secundo
415 695 501 732 loco
541 696 708 733 exhibita
739 701 797 732 est
824 694 1042 745 Inscriptio,
1070 706 1203 731 nomen
1234 697 1360 744 poetae
1390 704 1471 742 prae
1505 703 1544 729 se
1576 691 1649 727 fert

205 757 572 804 ΜΑΡΚΕΛΛΟΥ,
588 758 624 796 in
647 770 724 808 quo
743 757 986 808 explicando,
1006 764 1046 794 et
1064 757 1231 794 editores
1252 755 1444 801 carminis,
1463 761 1503 792 et
1522 755 1648 803 Span-

207 818 354 856 hemius
371 819 436 867 (ad
468 819 694 856 Callimachi
725 819 868 869 Hymn.
891 819 928 855 in
950 819 1039 856 Cer.
1059 832 1094 855 v.
1116 819 1185 864 3.)‚
1214 829 1371 868 operam
1392 817 1529 854 frustra
1564 826 1652 852 con-

209 887 470 930 sumpserunt,
485 887 579 927 tum,
594 881 684 930 quia
705 881 857 931 poetica
876 881 1032 918 alteram
1053 893 1233 930 superare
1254 879 1405 917 videtur
1417 877 1649 930 praestantia,

211 947 304 987 tum,
325 941 414 991 quia
433 942 632 992 Triopium
656 942 821 980 Herodis
847 942 1008 980 adituris
1042 942 1200 980 forsitan
1222 941 1345 992 primo
1366 940 1472 978 aditu
1505 946 1544 976 et
1565 939 1653 976 loco

211 1002 508 1052 conspiceretur.
565 1004 744 1054 Suspicio
777 1003 966 1042 Viscontii
1000 1003 1207 1040 admodum
1245 1002 1457 1054 probabilis
1490 1001 1570 1037 visa
1595 1006 1656 1037 est

215 1064 306 1101 Viro
330 1064 492 1109 erudite,
520 1065 556 1101 in
577 1065 898 1115 Ephemeridibus
931 1064 1270 1114 GottingensibuS,
1290 1063 1379 1101 anni
1411 1066 1524 1102 1795.
1559 1060 1655 1099 Nro.

214 1129 304 1164 180.
320 1140 330 1171 ;
350 1127 531 1166 adversus
548 1141 629 1165 eam
649 1128 826 1178 quaedam
843 1127 1060 1165 monuitCl.
1078 1126 1316 1172 Eichstaedt‚
1330 1126 1368 1163 in
1383 1136 1558 1169 censura,
1570 1135 1656 1174 quae

214 1189 354 1226 inserta
388 1196 447 1226 est
473 1189 795 1239 Ephemeridibus
827 1190 940 1228 Univ.
962 1189 1186 1234 Litterariis,
1221 1189 1324 1225 Ienae
1358 1185 1655 1237 prodeuntibus,

213 1249 301 1286 anni
321 1254 437 1289 1596.
459 1252 553 1288 Nro.
576 1256 640 1289 61.
697 1251 834 1288 Paucis
866 1256 1012 1288 tantum
1040 1250 1297 1287 examinemus
1330 1260 1389 1293 ea,
1410 1247 1549 1299 quibus
1569 1245 1658 1284 Itali

213 1317 435 1360 argumenta
454 1311 599 1349 diluere
620 1311 778 1349 studuit.
828 1314 887 1349 Ac
907 1312 1068 1361 primum
1091 1311 1247 1361 quidem
1269 1310 1418 1347 monuit
1433 1309 1502 1345 Vir
1516 1307 1660 1345 doctis-

214 1372 344 1417 simus,
369 1372 597 1422 fragmenta,
620 1386 708 1423 quae
728 1387 748 1410 e
770 1373 946 1411 Marcelli
970 1374 1164 1423 Ἰατρικοῖς
1195 1373 1274 1423 περὶ
1301 1370 1468 1423 ἰχθύωνι
1499 1373 1659 1414 restant,

215 1445 292 1470 non
322 1433 483 1470 eundem
501 1447 581 1483 prae
602 1448 640 1471 se
661 1434 760 1471 ferre
781 1435 961 1472 colorem.
1004 1435 1048 1470 In
1068 1434 1140 1471 illis
1159 1433 1446 1482 dicendigenns
1470 1444 1552 1469 esse
1570 1431 1658 1468 sim-

217 1494 320 1544 plex,
342 1493 445 1533 nullo
466 1495 737 1531 sententiarum
759 1495 1036 1544 verborumque
1055 1495 1256 1544 splendore
1275 1493 1435 1539 illustre,
1457 1494 1494 1530 in
1516 1492 1659 1530 Inscri-

218 1554 413 1603 ptionibus
433 1562 566 1593 contra
583 1556 748 1600 vibrans,
767 1557 996 1593 ornamentis
1013 1555 1214 1593 ambitiose
1230 1554 1403 1604 quaesitis
1419 1555 1657 1598 distinctum,

219 1622 518 1666 turgescensque
533 1629 803 1667 nonnunquam
827 1624 975 1654 tumore
996 1617 1219 1654 immodico.
1266 1616 1321 1653 At
1339 1616 1413 1653 hoc
1429 1614 1579 1664 judicio
1597 1615 1661 1651 mi-

219 1677 316 1714 nime
331 1678 517 1723 contenti,
534 1679 643 1728 plura
657 1678 913 1716 desideramus
930 1686 1163 1729 argumenta.
1195 1678 1362 1715 Primum
1378 1677 1493 1723 enim,
1510 1676 1558 1713 de
1578 1682 1660 1713 toto

219 1740 403 1777 orationis
424 1741 570 1786 habitu,
592 1741 663 1778 etsi
684 1755 703 1778 e
726 1742 855 1791 paucis
876 1741 1110 1791 fragmentiS‚
1127 1754 1214 1790 quae
1236 1739 1478 1778 solummodo
1498 1739 1658 1789 piscium

220 1801 397 1850 catalogo
416 1809 608 1847 constant,
628 1803 687 1839 vix
711 1802 879 1851 judicari
900 1809 1043 1852 potest,
1074 1816 1148 1839 non
1171 1802 1391 1839 dubitamus
1412 1808 1537 1838 tamen
1565 1800 1659 1845 fore,

223 1869 276 1908 ut,
297 1863 326 1899 si
348 1863 432 1912 quis
451 1876 495 1900 ea
517 1864 631 1913 legat,
647 1863 785 1900 deinde
804 1863 1080 1913 Inscriptiones
1104 1863 1253 1907 recitet,
1272 1855 1402 1899 sonum
1419 1862 1550 1899 nescio
1564 1874 1661 1911 quo-

222 1923 338 1960 modo
353 1924 653 1961 consentientem
674 1924 710 1960 in
731 1924 888 1961 auribus
907 1924 1058 1961 sentiat.
1115 1923 1259 1960 Verum
1282 1924 1354 1960 hoc
1380 1923 1509 1959 sentiri
1530 1922 1663 1972 magis,

224 1996 337 2032 quam
359 1984 481 2020 verbis
511 1983 693 2033 explicari
723 1990 865 2033 potest.
922 1984 1115 2021 Praeterea
1146 1983 1328 2019 sermonis
1360 1983 1397 2019 in
1418 1983 1583 2019 carmine
1613 1982 1661 2020 de

225 2044 394 2092 piscibus
415 2044 525 2094 longe
550 2044 622 2081 alia
642 2045 739 2081 ratio
766 2050 837 2090 est,
859 2057 972 2093 quarn
1002 2045 1039 2081 in
1062 2045 1227 2081 carmine
1248 2044 1531 2081 dedicationem
1550 2043 1661 2081 Trio-

224 2104 277 2153 pii
296 2105 528 2141 continente.
585 2104 665 2141 Cur
682 2117 757 2141 non
778 2104 827 2141 ab
857 2105 918 2141 illa
946 2104 1093 2142 ratione
1125 2104 1278 2141 dicendi
1311 2104 1538 2149 declinasse,
1560 2111 1598 2141 et
1625 2104 1661 2141 in

225 2165 465 2204 dedicatorio
495 2167 662 2204 carmine
705 2165 782 2202 al'io
825 2179 929 2204 more
963 2173 1115 2215 poetam
1150 2166 1319 2203 locutum
1349 2180 1431 2204 csse
1461 2166 1662 2204 dicamus?

226 2226 375 2270 Quodsi
396 2227 536 2264 deinde
560 2227 771 2266 Marcellus
787 2227 824 2265 in
845 2228 1023 2265 Carmine
1045 2228 1092 2265 de
1108 2227 1292 2277 piscibus,
1307 2227 1484 2266 floridum
1505 2228 1663 2266 dicendi

225 2301 343 2336 genus
373 2288 623 2334 adhibuisset,
658 2301 772 2339 quam
809 2288 967 2326 ridicule
998 2289 1166 2337 egisset!
1223 2289 1317 2326 Aliis
1348 2289 1445 2326 enirn
1466 2289 1591 2326 verbis
1624 2289 1661 2326 in

224 2349 506 2386 enumeratione
553 2349 725 2398 piscium,
770 2350 818 2386 ad
859 2350 1055 2387 Pancratis
1101 2350 1279 2395 Arcadis,
1318 2350 1558 2388 Archestrati
1597 2356 1663 2387 aut

226 2409 430 2447 Alexandri
457 2409 593 2455 AEtoli,
626 2416 666 2447 ut
698 2410 790 2447 mihi
820 2410 985 2456 videtur,
1015 2410 1231 2460 exemplum
1265 2411 1495 2460 composita,
1521 2410 1604 2447 aliis
1625 2411 1662 2447 in

226 2470 393 2507 carmine
425 2470 664 2508 dedicatorio
693 2483 815 2520 opus:
847 2470 942 2516 aliis,
964 2469 993 2506 si
1024 2470 1114 2520 quid
1138 2472 1255 2519 sapio,
1277 2471 1404 2508 verbis
1428 2471 1477 2508 de
1504 2471 1660 2508 historia

226 2527 403 2574 naturali,
425 2529 505 2567 aliis
534 2530 582 2567 de
616 2530 820 2567 simulacro
851 2536 917 2567 aut
952 2535 1075 2567 statua
1108 2530 1285 2568 dicimus.
1342 2531 1429 2581 Ipse
1450 2530 1659 2575 Nicander,

228 2602 343 2639 quarn
371 2603 523 2640 parcus,
545 2604 660 2641 quam
683 2590 820 2637 brevis,
841 2603 956 2640 quam
977 2603 1131 2640 pressus
1158 2598 1216 2628 est
1243 2592 1280 2629 in
1306 2591 1518 2635 Theriacis‚
1549 2603 1662 2640 quam

228 2649 420 2687 dissimilis
440 2650 497 2688 illi
525 2651 730 2689 exsultanti
763 2658 800 2688 et
835 2651 1038 2688 luxurianti
1071 2650 1282 2697 Nicandro,
1315 2654 1381 2702 qui
1402 2653 1439 2688 in
1460 2651 1664 2700 Georgicis

230 2710 331 2761 apud
365 2711 592 2749 Athenaeum
624 2712 726 2762 (Lib.
742 2712 828 2749 XV.
860 2724 950 2762 pag.
965 2715 1056 2749 683.
1085 2714 1174 2762 sq.),
1208 2713 1503 2763 pulcritudinem
1540 2711 1660 2760 Nym-

273 2795 282 2814 ¹
307 2795 488 2833 Fragmenta
503 2806 569 2834 quae
585 2806 601 2825 e
626 2796 765 2826 Marcelli
789 2795 933 2836 ’ἰατρικοῖς
964 2796 1132 2833 Plutarchi,
1147 2799 1185 2827 de
1209 2799 1326 2827 educat.
1352 2806 1471 2835 puer-or.
1496 2794 1660 2831 Argentor.

231 2836 291 2876 mg?
308 2836 417 2877 ἰχθύων
429 2842 553 2871 restant,
568 2839 650 2868 edita
666 2844 764 2868 sunta
778 2839 931 2874 Fabricio,
965 2842 1059 2869 1775.
1092 2839 1249 2872 Γτοηιὶεετι
1280 2850 1351 2869 vero
1379 2850 1395 2868 a
1421 2838 1466 2867 (Ὶ.
1496 2837 1594 2866 Bellin
1624 2838 1660 2866 de

233 2880 261 2908 in
282 2879 480 2918 Bibliothecae
494 2881 593 2910 Graec.
609 2881 644 2910 T.
660 2882 683 2910 Ι.
699 2892 727 2920 p.
744 2885 794 2911 14.
809 2882 857 2911 ed.
872 2886 930 2911 vet.
965 2882 1064 2912 Banu.

233 2927 261 2951 et
289 2921 485 2957 Schneidero,
503 2923 538 2951 ad
563 2923 674 2953 calcem
705 2924 847 2954 editionis
871 2934 932 2954 suae
