1981 3255
623 178 958 220 SIMULACRI
992 178 1279 220 REGILLAE.

1586 178 1664 240 Q7

234 293 368 333 Dedit
390 292 625 341 habendos,
646 307 756 349 quos
778 292 898 334 aiunt
919 277 961 334 et
982 292 1244 335 Mercurium
1266 301 1471 350 gestasse,

230 357 350 407 Tum,
373 372 504 413 quum
526 357 706 399 AEneam
729 372 781 399 ex
800 358 913 399 bello
933 358 1081 399 eduxit
1104 359 1363 400 Achivorum

880 421 947 462 Illi
968 436 1066 463 vero
1090 422 1248 463 circum
1270 423 1399 480 pedes
1424 421 1614 464 salutifer

232 421 415 462 Noctem
437 435 511 476 per
533 421 817 462 tenebrosam.

1609 359 1664 399 25

231 486 524 542 Resplendens
545 486 681 528 inerat
699 486 874 527 Lunaris
896 486 1068 526 luminis
1091 487 1220 528 orbis.

230 550 357 593 Hunc
379 551 478 591 olim
498 550 701 592 AEneadae
723 557 948 592 assuerunt
969 551 1130 597 calceo,

229 614 350 656 Filiis
372 616 596 656 Ausonum
618 615 833 656 nobilibus
855 615 1026 656 honoris
1048 616 1230 672 signum.

229 679 324 721 Non
349 695 444 721 eum
465 680 813 736 vituperaverint,
836 680 917 721 etsi
942 680 1238 735 Cecropidam‚

227 772 238 789 ⁴
255 781 284 800 v.
300 772 351 800 30.
367 776 398 800 et
413 773 465 801 31.
481 769 666 808 transposuit
681 770 716 799 S.
734 791 741 799 .
758 790 767 799 .
782 774 804 798 O
820 790 826 798 .

270 814 314 843 Μ.
330 813 358 843 οὗ
376 835 383 842 .
403 835 410 842 .
426 834 434 843 .
458 812 579 843 ὅσσηται
595 813 634 841 Α.
648 812 675 842 οὔ
695 823 747 851 μιν
765 834 772 842 .
793 834 799 842 .

269 866 356 895 quam
375 856 476 885 caeteri
494 859 625 884 servant.

847 791 854 798 .
870 774 1030 799 occn’rffl
1047 769 1081 798 L.
1099 769 1127 798 οὐ
1144 789 1151 798 .
1169 789 1177 797 .
1194 791 1200 798 .

814 833 822 842 .
840 822 960 841 οσσηται
982 813 1025 841 H.
1042 812 1076 844 ὥς
1096 824 1147 850 μιν
1165 810 1309 850 ἐκόσμησε
1332 821 1370 840 ex
1391 811 1470 849 conj.
1485 810 1606 849 reponit
1625 811 1656 840 S.

1603 681 1658 721 30

1219 767 1348 797 ὅσσεῖται
1365 768 1394 797 S.
1413 767 1443 797 οὐ
1455 788 1463 796 .
1478 787 1487 796 .
1503 787 1511 797 .
1525 778 1658 797 οσσηιται

809 896 823 914 ⁵
843 896 891 925 καὶ
907 906 966 926 om.
981 896 1012 925 S.
1029 897 1072 926 M.

267 980 442 1022 Παμφανόων
461 981 576 1013 ἐνέκειτο
596 979 739 1015 σεληναίης
754 980 855 1016 κύκλος
873 981 922 1010 αι’)-

225 1025 290 1066 γῆς]
316 1027 465 1055 Lacunam
481 1025 510 1054 in
527 1024 647 1063 lapide:

321 1088 815 1120 --·CEA7--CKTKAo---

223 1143 316 1178 sacili,
333 1153 414 1178 vera,
433 1148 464 1173 et
485 1143 522 1172 ab
545 1142 682 1172 omnibus
703 1142 830 1181 probata
849 1152 920 1171 con-

218 1186 349 1225 jectura,
364 1185 409 1215 sic
424 1185 587 1215 Salmasius
602 1185 758 1224 explevit:

223 1243 401 1284 Παμφανόων
415 1243 528 1273 ἐνέκειτο
543 1243 684 1277 σεληναίης
699 1242 799 1277 κύκλος
811 1243 919 1281 αἴγλης.

222 1301 328 1330 habuit
354 1300 431 1330 enim
457 1301 505 1329 vir
528 1301 723 1330 doctissimus
749 1301 778 1329 in
809 1304 918 1335 mente,

221 1354 340 1373 versum
358 1343 512 1382 Apollonii
529 1343 656 1378 Rhodii,
673 1343 742 1372 Lib.
758 1344 815 1373 IV.
831 1345 902 1372 167.

219 1400 272 1435 ‘524-
285 1401 311 1431 δὲ
327 1400 464 1432 σεληναίην
479 1401 644 1443 διχομήνιδα
660 1400 788 1441 παρθένος
799 1400 907 1439 αἴγλην.

222 1461 350 1491 Omnino
365 1461 450 1498 αἴγλη
467 1460 636 1500 saepissime
652 1461 689 1490 de
709 1461 827 1498 fulgore
843 1462 917 1490 solis

222 1509 252 1533 et
280 1504 358 1533 lunae
382 1504 505 1533 dicitur.
549 1504 646 1532 Poeta
674 1503 807 1532 incertus
837 1504 916 1541 apud

219 1547 424 1576 Alexandrum
443 1547 607 1575 Grammat.
624 1556 655 1584 p.
671 1547 743 1575 639.
761 1545 829 1574 Ald.

221 1587 243 1618 ω
259 1587 364 1628 Σμίνθι’
377 1588 530 1623 ”,Απολλον
547 1587 609 1617 τίνα
619 1589 672 1628 χρὴ
684 1598 817 1627 vrgao-ems
819 1587 915 1627 ινπςὸ-

220 1642 305 1670 Τεξον,
325 1631 409 1671 ἡλίου,
428 1631 475 1660 καί
500 1632 572 1668 πηγὴ
568 1642 587 1660 Ν
606 1632 656 1663 TE?
677 1628 789 1669 Οὖξανίου
810 1630 917 1665 Ταύτης

220 1675 360 1711 αἴγλης.
405 1675 459 1702 Vi
454 1675 552 1708 ·conti,
567 1674 662 1711 magis
682 1673 711 1702 in
734 1673 789 1702 fine
810 1674 915 1710 probat

220 1718 344 1746 verbum
358 1717 453 1753 αὗγης,
468 1717 537 1755 quia
558 1715 714 1745 concursio
734 1715 914 1754 sjllabarum

219 1765 284 1794 κλος
299 1765 328 1789 et
349 1765 418 1796 γλης
443 1760 516 1788 dura
535 1764 592 1787 est.
605 1757 689 1795 αὐγαὶ
711 1758 774 1787 sere
795 1769 915 1796 semper

218 1802 281 1831 Soli
307 1803 438 1831 tributae.
461 1813 489 1830 v.
515 1802 640 1830 Homer.
666 1800 756 1830 lliad.
780 1799 822 1831 π’.
843 1803 914 1831 188.

219 1842 254 1873 9'.
275 1847 348 1874 430.
364 1845 424 1874 Od.
440 1842 475 1873 ζ’.
493 1846 564 1873 181.
580 1843 613 1882 ζ’.
631 1845 681 1873 98.
700 1842 736 1872 λ’.
760 1846 831 1874 496.
855 1844 913 1872 Mi-

218 1897 370 1917 mnermus
387 1898 435 1925 ap.
452 1888 535 1915 Stob.
552 1897 580 1925 p.
599 1887 671 1916 556.
694 1886 840 1924 'l'ragicus
864 1896 912 1925 ap.

218 1931 306 1959 eund.
324 1940 356 1969 p.
372 1932 446 1959 401.
464 1930 577 1959 Auctor
599 1928 717 1957 Paeanis
739 1938 786 1967 ap.
803 1929 913 1958 Athen.

218 1972 286 2001 Lib.
304 1972 375 2001 XV.
389 1982 419 2010 p.
435 1974 507 2002 696.
524 1975 614 2010 poeta
630 1971 761 1999 incertus
775 1981 821 2010 ap.
840 1971 913 2000 Plu-

217 2016 311 2044 tarch.
323 2015 404 2053 Opp.
415 2015 452 2044 T.
465 2015 509 2043 II.
524 2024 555 2052 p.
571 2015 644 2043 827.
667 2014 714 2042 De
726 2013 911 2043 lucernarum

216 2057 309 2086 radiis
346 2067 451 2086 vocem
488 2056 624 2086 adhibuit
662 2055 846 2085 Philoxenus
882 2056 912 2085 in

218 2101 322 2134 Coena,
338 2109 386 2138 ap.
405 2099 514 2129 Athen.
531 2098 599 2128 Lib.
617 2098 672 2127 IV.
690 2108 720 2136 p.
737 2101 809 2129 147.
831 2099 867 2127 A.
882 2103 912 2128 et

217 2142 256 2171 de
281 2142 437 2171 oculorum
461 2141 589 2179 fulgore,
616 2140 790 2179 Licymnius
815 2140 910 2170 Chius

217 2194 267 2223 ap.
282 2185 370 2213 eund.
388 2184 456 2214 Lib.
474 2183 572 2213 XIIl.
586 2194 616 2222 p.
630 2184 704 2213 564.
727 2184 795 2213 Non
811 2183 908 2213 minus

217 2227 310 2256 Lnnae
334 2227 410 2256 radii
434 2226 530 2264 αὐγαὶ,
555 2225 639 2255 dicti.
657 2226 719 2255 vid.
740 2225 907 2264 Tryphiod.

215 2269 289 2300 509.
304 2268 407 2308 ibique
421 2269 558 2309 Interpp.
600 2268 682 2298 Hinc
698 2268 794 2304 Luna,
810 2268 907 2299 Σελήνη

214 2311 447 2350 καταυγάστειςα
464 2311 556 2346 dicta,
575 2310 604 2340 in
623 2311 745 2350 Hymno
761 2312 908 2351 Orphico,

215 2353 307 2384 VIII.
324 2356 352 2384 6.
369 2355 428 2384 cns.
447 2353 604 2390 Homeric.
622 2354 716 2383 VIII.
737 2356 788 2384 13.
803 2371 845 2377 -—
859 2353 908 2383 κύ-

214 2402 279 2430 κλος
294 2404 323 2426 et
338 2396 429 2426 κύκλα
445 2396 558 2430 Σελήνης
573 2396 662 2426 etiam
681 2397 779 2435 poetis
794 2397 823 2426 in
841 2407 907 2432 usu,

215 2441 333 2479 quando
348 2440 385 2469 de
404 2441 485 2469 Luna
504 2440 593 2478 plena
610 2449 718 2468 sermo.
764 2439 911 2479 AEsopus,

216 2482 245 2512 iu
261 2482 401 2512 Analect.
419 2482 535 2512 Brunk.
549 2483 586 2511 Τ.
602 2481 627 2510 I.
644 2492 675 2520 p.
690 2484 743 2512 ¹76.

259 2540 322 2570 ἡδέα
337 2540 392 2578 μὲν
414 2541 467 2580 γάρ
489 2552 538 2571 σου
558 2540 598 2568 τὰ
618 2539 700 2578 φύσει
724 2541 813 2575 καλὰ,
828 2541 910 2578 γαῖα,

343 2583 500 2618 θάλασσα,

301 2625 408 2665 ἄστρα,
423 2623 611 2659 σεληναίης
625 2623 737 2653 κύκλα
753 2623 799 2653 καὶ
815 2623 912 2654 ἧελίιυ.

216 2683 264 2713 Ad
283 2693 372 2723 quem
393 2683 493 2714 locum
509 2684 557 2713 Cl.
572 2685 697 2719 Jacobs,
713 2683 817 2712 laudat
835 2684 911 2712 Leo-

217 2726 280 2755 nid.
307 2726 459 2756 Tarentin.
487 2728 547 2766 Ep.
572 2726 694 2757 XLIX.
714 2726 775 2778 Ιῖερα
799 2724 912 2754 κύκλα

217 2768 369 2802 σεληνης,
389 2772 419 2797 et
440 2767 572 2809 λαμπξδς
590 2767 663 2799 ἡλίου
683 2768 809 2801 κύκλος
831 2769 910 2807 apud

216 2810 363 2850 Sophocl.
376 2811 479 2861 Antig.
491 2813 564 2841 416.
580 2812 668 2841 Adde
685 2807 790 2849 Eurip.
803 2811 910 2840 Phoen.

217 2855 291 2882 181.
314 2851 581 2892 χρυσεόκυκλον
601 2853 714 2893 φεγγος,
739 2859 769 2883 et
793 2854 910 2893 Sopho-

216 2895 273 2924 clis
288 2894 386 2924 locum
408 2906 455 2934 ap.
471 2896 633 2930 Achillem,
648 2897 677 2925 in
694 2897 756 2926 vita
776 2897 860 2926 Arati
879 2907 910 2935 p

218 2940 291 2967 192.
316 2948 344 2969 a.
371 2938 422 2968 ubi
450 2937 574 2977 legitur,
600 2937 758 2979 στςέφοντα
784 2938 912 2969 κύκλον

216 2978 300 3011 ηλίου.

998 978 1069 1009 Ποτ’
1081 979 1259 1022 ἔνερῤίιψαντο
1275 980 1385 1017 πεδίλῳ
1407 979 1507 1009 ‘sidem
1525 977 1653 1008 Αὖσονίων

954 1023 1123 1061 εὐηγενὲεσσι
1155 1023 1256 1063 γερᾶα]
1288 1022 1337 1052 Sic
1369 1022 1528 1060 legendum
1560 1027 1607 1051 est
1634 1032 1650 1050 e

953 1066 1034 1096 felici
1051 1066 1199 1095 Viscontii
1214 1065 1433 1095 emendatione.
1466 1065 1492 1093 E
1507 1070 1649 1102 corrupto

954 1106 1649 1148 apographolectionemnobisprocuditSalma-

955 1152 1030 1180 sius:
1043 1149 1290 1191 παςενεῤῥίιψαντο,
1301 1161 1317 1180 a
1327 1152 1419 1179 verbo
1427 1149 1648 1190 παρενεῤῥάπτω.

954 1195 994 1223 At
1014 1194 1071 1224 hoc
1096 1194 1181 1223 nihili
1205 1199 1260 1223 est.
1307 1194 1473 1232 Perspicue
1496 1193 1525 1221 in
1547 1192 1649 1230 lapide

953 1242 1069 1266 exstant
1090 1237 1184 1266 literae
1201 1243 1251 1266 ΠΟ
1268 1254 1279 1259 -
1294 1252 1306 1257 -
1320 1254 1331 1259 -
1347 1247 1377 1266 ν.
1399 1239 1448 1266 29.
1474 1234 1514 1263 ita
1535 1236 1648 1264 Salma-

951 1279 1061 1308 masius
1076 1279 1225 1318 explevit:

995 1338 1138 1375 Σύμβολον
1153 1335 1316 1367 Αὖσσνίοισιν
1330 1335 1481 1374 ἑϋγενὲεσσι
1495 1335 1606 1375 γεραιόν.

952 1400 960 1413 ‘
976 1396 1059 1425 Huic
1070 1397 1166 1425 versui
1179 1396 1366 1425 restituendo
1377 1396 1450 1432 (aits
1462 1395 1646 1433 supplendo-

951 1449 1021 1477 que,
1040 1449 1096 1468 non
1120 1449 1254 1477 magnam
1278 1439 1419 1467 dedimus
1443 1448 1575 1475 operam.
1594 1437 1647 1466 sed

952 1482 1081 1518 bonam3
1103 1482 1183 1519 quod
1208 1482 1266 1510 illis
1292 1481 1364 1510 solis
1391 1487 1421 1510 ut
1449 1486 1554 1518 negent
1578 1490 1646 1518 per-

951 1523 1049 1557 mitto,
1071 1525 1119 1562 qui
1142 1524 1228 1553 aliter
1251 1524 1369 1553 restitui
1388 1524 1525 1561 potuisse
1545 1528 1646 1551 osten-

950 1567 1067 1602 derent,
1091 1577 1175 1604 quam
1202 1567 1258 1595 hoc
1282 1567 1380 1595 modo.
1429 1565 1593 1594 pediculos
1616 1570 1646 1593 et

950 1608 1052 1647 apices
1076 1609 1227 1638 literarum
1248 1608 1373 1637 rimetur
1393 1608 1442 1645 qui
1462 1607 1556 1639 volet.
1573 1613 1602 1635 et
1620 1607 1644 1636 si

949 1651 1072 1689 poterit,
1095 1652 1191 1680 labem
1217 1655 1247 1679 et
1271 1651 1376 1679 vitium
1401 1650 1511 1688 lapidis
1537 1649 1644 1678 melius

949 1694 1104 1729 iesarciat,
1122 1704 1175 1722 nos
1187 1694 1321 1722 contenti
1333 1693 1424 1721 simus
1442 1694 1496 1720 hoc
1509 1691 1646 1721 Catone?

948 1738 1064 1775 Sequor
1079 1737 1235 1766 lectionem
1252 1735 1411 1768 Vis-contii,
1432 1735 1480 1773 qui
1498 1735 1527 1762 in
1544 1734 1645 1771 lapide

948 1784 1009 1814 Tc,
1025 1778 1111 1808 initio
1128 1789 1232 1808 versus
1245 1778 1372 1817 positas,
1388 1782 1526 1806 accurate
1541 1777 1643 1805 obser-

949 1821 1048 1857 vavit3
1072 1827 1102 1850 et
1118 1821 1147 1850 in
1164 1821 1219 1850 fine
1232 1821 1379 1859 integram
1396 1830 1500 1848 vocem
1517 1820 1611 1858 γεξᾶα.

991 1863 1088 1903 Οὔμιν
1096 1863 1240 1894 ὂνόσσηται
1252 1863 1298 1892 καὶ
1312 1860 1468 1903 Κεκροπίδην
1479 1872 1536 1901 ’περ
1547 1860 1641 1901 ἐόντα]

950 1906 1113 1936 Haesitavit
1132 1906 1169 1935 ob
1190 1905 1336 1940 lacunam,
1353 1915 1438 1943 quam
1459 1905 1487 1933 in
1503 1904 1641 1942 Apogra-

948 1949 1006 1988 pho
1022 1949 1137 1978 invenit
1150 1948 1323 1978 Salmasius.
1368 1951 1376 1964 ‘
1390 1948 1490 1976 Verba
1506 1947 1573 1985 ipsa
1589 1956 1641 1975 au·

947 1991 1040 2020 ctoris
1062 1990 1194 2031 (inquit)
1211 2000 1267 2020 non
1290 1996 1348 2019 tam
1370 1989 1458 2020 facile
1480 1998 1641 2028 possumus

947 2034 1002 2062 hoc
1026 2033 1094 2063 loco
1121 2033 1293 2067 restituere,
1317 2042 1405 2071 quam
1428 2032 1457 2061 in
1485 2031 1641 2070 superiore

947 2086 1046 2105 versu.
1070 2075 1254 2105 Sententiam
1267 2080 1366 2105 tamen
1382 2084 1466 2115 aeque
1479 2075 1568 2104 bene.
1589 2073 1641 2103 Sic

945 2119 1022 2148 enim
1040 2118 1187 2157 legimus:

942 2177 995 2211 Ὠς
1007 2178 1056 2217 μὶν
1071 2177 1227 2217 ἐκόσμησεν
1240 2177 1287 2206 καὶ
1300 2176 1459 2217 Κεκροπίδην
1474 2187 1523 2217 περ
1540 2175 1645 2206 {cina-⁸

943 2236 1072 2276 Reperit
1087 2237 1251 2266 Salmasius
1264 2236 1294 2266 in
1311 2235 1501 2275 apographo:

1077 2298 1532 2325 --O'Y'·--OCCHTA1··-

942 2354 1077 2384 visconti
1101 2364 1172 2384 vero
1194 2355 1224 2383 in
1249 2354 1361 2393 lapide,
1383 2353 1498 2383 deletas
1519 2353 1582 2382 fere
1603 2352 1637 2382 li·

941 2401 1039 2426 teras:

1049 2465 1062 2471 -
1079 2463 1091 2469 -
1107 2452 1247 2476 OTMINO
1264 2463 1275 2469 -
1291 2461 1304 2468 ·
1321 2450 1480 2476 OCCHTAl
1495 2461 1508 2467 ·
1526 2462 1538 2468 ·
1555 2461 1567 2467 -

946 2506 1106 2545 Ingeniosa
1120 2505 1189 2534 inde
1203 2504 1342 2543 conjicit:

968 2565 1008 2595 On
1022 2576 1072 2604 μιν
1086 2563 1230 2596 ὃνὸσσηῖηιι
1245 2576 1292 2594 και
1309 2561 1467 2603 Κεκςοπίδην
1482 2573 1531 2602 περ
1545 2560 1634 2591 ἐόντα.

946 2624 1080 2653 Sensus
1074 2634 1121 2662 ips
1109 2634 1139 2651 se
1156 2624 1393 2662 supplementum
1406 2622 1578 2650 confirmare
1589 2619 1636 2648 vi-

947 2667 1045 2695 detur.
1062 2666 1205 2704 Appellat
1216 2671 1304 2704 poeta
1314 2672 1411 2695 noster
1422 2662 1534 2696 talaria,
1542 2661 1637 2701 γέρας,

945 2706 1215 2749 ἒπισφύςιονάνδρῶν
1226 2710 1376 2748 Τυρσηνῶν,
1389 2705 1496 2735 alludit
1506 2706 1594 2739 enim,
1605 2709 1636 2732 ut

946 2751 1119 2780 Viscontius
1141 2751 1266 2786 monuit,
1291 2751 1326 2779 ad
1348 2749 1422 2778 illud
1443 2746 1636 2777 calceamenti

946 2795 1141 2833 gen115,qu0(l
1159 2794 1309 2823 Thuscum
1328 2791 1495 2824 dicebatur,
1511 2800 1569 2828 quo
1587 2800 1636 2827 ge-

946 2847 1016 2865 nere
1033 2837 1191 2865 utebantur
1206 2837 1364 2865 Senatores
1381 2832 1518 2862 Romani.
1566 2832 1635 2860 vir-

945 2879 1035 2918 gilius
1051 2878 1089 2908 de
1104 2879 1256 2912 Evandro,
1273 2878 1341 2908 AEn.
1358 2876 1449 2904 VIII.
1467 2876 1539 2904 458.

944 2938 1023 2968 “Et
1035 2937 1188 2977 Tyrrhena
1208 2937 1316 2976 pedum
1330 2933 1504 2964 'circumdat
1519 2931 1637 2961 vincula

1072 2979 1212 3019 plantis.''

946 3024 965 3052 4
981 3033 999 3052 κ
