1981 3255
573 161 656 202 AD
691 159 901 201 PAGUM

222 273 264 303 25
285 271 376 312 φλέγε
391 272 437 303 τὸν
450 273 722 313 ὅλοσιαλοκάλαμον,

286 315 786 356 λαλοβαξυπαςαμελοςυθμοβίιταν,

287 357 383 388 odom-
391 368 403 388 ε
425 359 588 399 τρυπάνῳ
611 357 701 396 δέμας
720 356 898 397 πεπλασμέ·

370 411 408 430 νον
430 403 449 430 ἀ
456 412 468 430 ν
475 413 509 430 αι
518 401 533 431 δ
539 412 550 430 ε
560 400 602 440 lq..

286 442 358 483 ᾄδω
377 454 422 472 σοι
444 443 543 482 δέξια,
558 443 615 472 ’καὶ
640 445 729 474 πολὺ
753 443 899 483 διάφοροι

289 484 569 526 Θριαμςοδιθύξαμβε
586 484 750 526 κιο-σοχαίτ’
763 485 848 523 artaz!

226 530 269 559 30
286 527 385 558 Ἄκουε
407 530 461 558 τὰν
482 528 558 568 ἐμὰν
580 536 603 559 Δ
613 541 633 558 ω
641 541 654 568 ς
661 527 693 558 ία
701 539 712 557 ν
732 528 848 570 χοξείαν.

204 593 329 624 Nullum
346 595 436 624 credo
452 595 539 625 facile
563 595 592 624 in
607 595 754 625 Atheuaeo
771 595 899 624 inveniri

203 646 296 676 posse
312 637 418 676 Lyrici
439 637 649 677 fragmentum,
666 640 743 676 quod
761 643 819 668 tam
837 648 900 667 eor-

200 684 326 718 ,ruptum
343 680 393 709 sit.
421 681 534 710 Eamus
550 691 602 720 per
617 681 741 719 singula.
775 682 900 710 Causam

205 722 347 752 carminis
373 723 448 752 hanc
475 724 567 753 refert
590 723 771 753 Athenaeus:
797 722 902 762 Πρατί-

204 775 251 798 νας
275 763 303 794 δὲ
328 765 339 793 ὁ
369 766 513 800 Φλιάσιος,
541 766 667 796 αὐλητῶν
693 766 739 794 καὶ
765 768 902 805 χορευτῶν

203 805 380 847 μισθοφόςων
391 807 569 849 κατεχόντων
583 811 637 843 τὰς
651 807 818 848 ὂςχηστςας,
830 809 902 845 ἀγα-

204 851 312 879 waurei&
326 862 404 885 Τίνας
417 862 463 881 ξπί
479 863 518 890 Τῳ
534 862 598 884 ’Τΰυς
609 851 663 880 αυλ
655 863 735 884 ιητᾱς
749 863 792 890 μη
803 863 901 880 συναυ-

204 892 263 922 λεῖν
282 894 340 927 τοῖς
360 895 460 934 χοροῖς,
475 892 642 933 καθάπερ
628 897 656 923 ὴν
676 894 806 945 «πάτριον,
825 895 902 924 ἀλλὰ

205 945 267 968 τους
285 946 381 976 χορους
400 935 519 975 cumdem
533 948 592 970 τοις
606 936 754 971 αὐληταῖς.
770 948 794 966 ον
808 948 850 965 ουν
863 936 901 967 εί-

203 987 241 1017 χε
256 976 348 1016 θυμὸν
361 981 440 1008 κατοὶ
460 990 514 1008 των
533 980 630 1008 ταῦτα
647 979 790 1009 ποιούντων
804 980 815 1008 ὁ
831 986 904 1019 Πρα-

205 1019 282 1055 τίνας
297 1019 444 1061 εμφοινίζει
461 1021 504 1052 διὰ
520 1023 599 1052 ”sousa
615 1023 664 1051 τοῦ
678 1021 903 1062 Ὑπορχήματος

375 1078 424 1113 Τίς
439 1082 451 1109 ὅ
464 1079 573 1120 θόρυβος
587 1079 628 1109 δ’δε
643 1086 692 1110 κλ.

206 1143 298 1179 Initio
313 1154 370 1173 non
386 1145 531 1175 absimilis
546 1150 594 1175 est
609 1155 705 1175 sermo
723 1145 903 1175 Philocteta)

206 1196 256 1225 ap.
281 1188 424 1226 Sophocl.
453 1188 587 1217 Philoct.
612 1190 707 1218 196‘2.
729 1193 760 1218 et
792 1187 900 1217 incerti

205 1234 304 1267 poetae
326 1240 374 1269 ap.
398 1230 526 1269 Dionys.
548 1231 704 1261 Halicarn.
731 1231 767 1260 de
789 1231 899 1261 Struct.

203 1271 292 1301 Orat.
313 1281 382 1310 pag.
399 1274 470 1303 133.
517 1273 577 1302 Pro
601 1272 631 1301 τί
655 1273 723 1302 τάδε
746 1275 785 1302 τὰ
805 1271 900 1314 χοξεύ-

203 1324 303 1352 ματα,
320 1315 400 1352 quod
417 1315 446 1344 in
460 1315 590 1353 antiquis
613 1316 694 1345 Edd.
710 1319 785 1350 erat,
801 1325 900 1345 emen-

203 1356 286 1387 datio
299 1357 342 1387 H.
353 1356 578 1397 Stephanhoeim
589 1358 657 1388 τάδε
669 1360 708 1387 τὰ
720 1357 900 1399 χορεύματα,

205 1399 297 1428 valde
325 1401 468 1439 probatur
494 1401 591 1431 animo
615 1406 731 1431 nostro.
758 1401 818 1431 cnf.
845 1402 899 1429 So-

205 1441 306 1479 phocl.
329 1443 402 1472 OEd.
432 1442 499 1473 Col.
525 1446 597 1474 200.
625 1443 727 1482 Antig.
752 1445 900 1474 1188.—

203 1485 384 1521 namneum
401 1485 431 1514 vi
448 1485 590 1524 positum,
609 1485 653 1514 sic
674 1485 774 1524 δράκων
788 1484 899 1516 ἐδόκησε

202 1527 313 1564 μολεῖν,
324 1527 518 1557 Stesichorus
535 1528 613 1557 dixit
625 1537 674 1566 ap.
691 1528 844 1557 Plutarch.
861 1528 899 1557 de

204 1569 236 1599 S.
254 1569 291 1599 N.
310 1570 347 1600 V.
362 1570 398 1600 T.
415 1571 459 1600 ΙΙ.
473 1571 556 1609 Opp.
574 1580 603 1608 p.
622 1570 694 1600 155.
712 1572 750 1599 A.
766 1580 796 1600 v.
812 1574 843 1600 4.
857 1587 899 1592 —

203 1612 369 1643 Διονυσιάδα
379 1613 587 1650 πολυπάταγαν
597 1611 739 1651 θυμέλαν.
759 1615 900 1646 Διονυσιὰς

203 1664 247 1685 sc.
270 1655 355 1696 ἑορτή.
388 1656 419 1686 in
442 1666 551 1686 scenam
577 1654 757 1690 Bacchicam,
780 1656 899 1694 pedibus

198 1707 362 1736 percussam
375 1709 393 1727 a
405 1698 524 1729 chorum
537 1699 698 1737 agentibus.
722 1699 816 1728 Poeta
831 1709 896 1728 eum

201 1740 371 1772 Naiadibus
387 1742 480 1771 sacris
491 1741 618 1777 Bacchi,
633 1741 662 1771 in
679 1741 803 1771 remotis
818 1741 898 1779 rupi-

202 1783 259 1812 bus
279 1784 385 1813 adesse
407 1784 537 1813 videtur.
582 1784 665 1814 Male
682 1788 744 1814 erat
761 1784 790 1813 iu
807 1784 898 1813 Athe·

202 1836 267 1855 naeo
290 1826 495 1865 πολυπάταγα
515 1826 657 1865 θυμέλαν,
682 1832 710 1856 et
736 1826 764 1855 in
788 1826 900 1856 Aldina

202 1869 251 1898 ed.
279 1869 477 1907 πολυπάταγα
511 1867 647 1907 Θυμέλεις.
676 1869 713 1898 de
751 1870 898 1908 Thymele

202 1911 274 1940 vide
291 1911 474 1941 Boindinum
490 1913 563 1941 dans
579 1912 622 1940 les
645 1910 807 1941 Mernoires
822 1912 859 1940 de
882 1913 901 1940 l’

203 1954 298 1984 Acad.
312 1955 367 1983 des
382 1954 528 1994 Inscript.
543 1955 578 1984 T.
596 1955 623 1983 Ι.
641 1964 671 1993 p.
689 1957 759 1985 186.
777 1964 804 1982 v.
823 1956 853 1984 6.
869 1955 897 1983 in

203 1996 352 2027 Athenaeo
367 2002 430 2026 erat
443 2008 449 2025 :

375 2054 547 2065 ‚‚‚‚‚

204 2123 282 2154 Mihi
296 2134 368 2153 vero
386 2123 506 2153 videtur
520 2124 679 2162 legendum
697 2133 764 2152 esse

373 2182 435 2221 ἐμοὶ
455 2182 519 2223 ἐμοὶ
535 2183 546 2212 ὁ
563 2181 684 2222 Βρόμιος.

207 2248 341 2280 Bacchus
355 2250 425 2280 mihi
440 2254 489 2285 est,
505 2250 525 2280 i.
535 2248 675 2290 afui-ore
686 2251 792 2289 agitor,
804 2248 901 2278 simile

205 2298 276 2323 noto
301 2291 380 2331 ἀμφί
403 2304 452 2331 μοι
477 2292 556 2331 ἄναξ.
581 2292 901 2331 Dithyrambographi,

205 2336 286 2366 irrisi
303 2337 339 2365 ab
353 2336 566 2374 Aristophane,
583 2335 664 2364 Nub.
681 2337 753 2366 590.
771 2335 822 2365 ubi
839 2335 901 2365 vid.

206 2379 309 2408 Schol.
353 2380 467 2416 Aperte
490 2379 554 2407 haec
576 2378 766 2408 transtulisse
783 2378 902 2407 videtur

206 2421 353 2452 Horatius
375 2422 441 2452 Lib.
465 2422 524 2449 Od.
546 2422 576 2451 2.
613 2425 631 2438 “
646 2421 706 2450 Fas
728 2421 902 2460 pervicaces

207 2464 247 2504 ait
263 2464 333 2493 mihi
351 2482 392 2486 --
408 2464 547 2502 Thyadas
565 2463 753 2494 celebrare-’⁵
768 2463 904 2498 κελαδεῖν,

207 2507 286 2537 idern
317 2518 382 2537 esse
413 2517 446 2536 ac
477 2506 579 2545 ὑμνεῖν,
610 2506 699 2536 docet
731 2511 822 2545 poeta
853 2517 901 2545 ap.

209 2549 348 2580 Strabon.
367 2551 431 2580 Lib.
448 2550 511 2579 111.
526 2559 596 2589 pag.
615 2551 686 2580 919.
705 2549 740 2579 B.
757 2559 788 2578 ν.
805 2551 855 2578 11.
872 2549 900 2578 in

154 2607 158 2611 >
208 2590 356 2623 Athenaeo
371 2598 433 2622 est:

375 2651 430 2682 'Aa’
444 2651 503 2691 ’σ’ξεα
516 2650 666 2689 ἐσσύμενον

417 2695 497 2733 μετὰ
508 2694 620 2725 Ναΐδων.

210 2754 323 2793 Scripsi
339 2752 398 2793 b'ee’.
423 2754 534 2784 Versus
547 2755 624 2784 forte
642 2753 686 2782 sio
700 2752 819 2791 legendi
835 2763 839 2779 :

376 2810 430 2841 ’Ar'
444 2810 492 2850 322*
506 2810 654 2850 ἐσσύμενον

418 2856 499 2892 μετὰ
521 2854 714 2885 Μαινάδων,

208 2913 276 2942 Etsi
290 2912 423 2942 Naiadas
439 2911 507 2941 ferri
523 2917 663 2950 possunt,
676 2923 741 2942 nam
757 2913 785 2941 in
803 2922 902 2941 earum

208 2956 355 2986 societate
387 2960 416 2982 et
448 2955 519 2983 alibi
553 2954 690 2984 Bacchus
721 2966 785 2985 esse
815 2955 905 2984 solet

934 157 1263 199 TRIOPIUM.
1552 158 1634 198 595

934 271 1012 300 Vide
1035 270 1137 309 Lyrici
1159 272 1260 300 locum
1285 280 1335 309 ap.
1359 270 1528 300 Himerium
1549 271 1632 300 Orat.

934 314 991 342 IV.
1008 314 1033 353 §.
1046 316 1097 342 10.
1114 323 1181 352 pag.
1195 316 1268 343 470.
1285 314 1343 342 cnf.
1355 313 1456 342 Acron
1471 313 1509 342 ad
1524 313 1631 342 Horat.

933 357 994 386 Od.
1013 356 1081 385 Lib.
1096 356 1124 385 1.
1141 357 1194 385 30.
1209 356 1262 384 ubi
1283 355 1434 390 Bacchus,
1450 359 1469 373 ‘¹
1483 355 1630 385 Naiadum

933 397 1062 437 potens''
1083 400 1121 428 ab
1146 398 1274 427 Horatio
1301 397 1412 427 dictus.
1467 398 1501 427 In
1526 408 1554 427 v.
1580 398 1630 427 13.

933 442 1032 480 placet
1054 440 1225 471 Casauboni
1247 441 1426 475 emendatio,
1443 450 1497 479 pro
1515 441 1630 477 ἄγοντα,

931 483 1031 523 ᾅδοντα
1054 482 1226 514 scribentis.
1272 483 1378 511 Monet
1400 483 1445 512 vir
1468 484 1575 512 doctus
1601 483 1630 512 in

934 527 1092 557 Animadv.
1119 536 1186 565 pag.
1209 527 1282 555 890.
1327 526 1383 554 ‘Iu
1407 526 1536 554 Pratiuae
1565 527 1630 563 Hy-

935 571 1126 608 porchemate
1162 569 1266 605 legunt
1302 572 1330 597 et
1370 572 1486 596 veteres
1523 565 1565 596 οἶά
1599 578 1630 597 τε

934 612 1024 642 κύκνον
1035 612 1150 649 ἄγοντα.
1195 611 1313 650 Opinor
1329 619 1382 648 pro
1396 608 1506 650 ᾄδοντα.
1553 611 1629 639 Nam

935 655 1023 693 cygni
1055 664 1111 684 nou
1140 653 1239 691 ἄγουσι
1266 651 1365 692 μέλος,
1396 663 1492 691 neque
1519 653 1631 681 ducunt

935 698 1071 732 choreas,
1100 697 1152 726 sed
1183 695 1286 735 ᾅδουσι,
1316 694 1447 725 canunt.'
1490 695 1524 723 In
1555 705 1629 723 voce

936 739 1147 778 ποικιλόπτεξον
1170 739 1280 768 haereo.
1327 737 1540 776 Dalecampius
1562 737 1629 766 red-

936 783 1016 812 didit
1047 784 1124 812 varii
1153 781 1230 810 modi
1255 785 1326 810 sunt
1350 781 1511 810 accinendi.
1560 780 1628 808 Vox

935 824 1154 864 ποικιλόπτερος,
1178 834 1243 853 rara
1267 827 1324 861 est,
1348 824 1378 852 iu
1407 833 1462 852 usu
1487 823 1525 852 de
1549 822 1631 851 vario

935 879 1097 907 pennatum
1114 866 1226 896 colore
1272 866 1322 894 Sic
1339 865 1369 894 in
1386 865 1526 903 Euripid.
1544 865 1630 904 Hyp-

936 911 1031 950 polyt.
1055 913 1126 941 320.
1153 909 1248 939 Amor
1271 909 1371 938 dictus
1397 906 1632 946 ποικιλόπτεξος,

936 955 956 983 i.
983 964 1011 983 e.
1038 951 1247 982 versicoloribus
1272 951 1335 986 alis,
1363 955 1396 979 ut
1421 950 1567 988 Virgilius
1593 950 1630 979 de

936 1007 1034 1026 amore
1056 996 1135 1025 dixit
1157 994 1186 1023 in
1212 993 1450 1033 Epigrammate,
1468 993 1630 1030 Antholog.

937 1040 1001 1068 Lat.
1026 1039 1061 1068 Τ.
1084 1038 1110 1068 Ι.
1134 1047 1203 1076 pag.
1230 1039 1280 1067 58.
1326 1037 1374 1065 De
1395 1035 1504 1065 avibus
1522 1045 1627 1064 vocem

936 1081 1071 1110 adhibuit
1103 1081 1259 1110 Anacreon
1295 1079 1374 1118 apud
1414 1078 1524 1107 Athen.
1560 1077 1627 1107 Lib.

936 1125 1034 1154 XIII.
1058 1134 1090 1162 p.
1116 1125 1189 1154 599.
1210 1121 1404 1160 Aristophan.
1429 1121 1512 1150 Nub.
1536 1122 1630 1150 1420.

936 1166 1099 1205 AEsehylus
1129 1166 1157 1194 in
1186 1164 1283 1194 Grotii
1311 1165 1457 1200 Excerpt.
1484 1172 1554 1202 pag.
1578 1162 1630 1192 55.

935 1209 1065 1239 Omnino
1079 1213 1175 1238 tamen
1192 1217 1323 1242 carmen,
1335 1207 1419 1236 vario
1434 1207 1525 1235 modo
1541 1215 1630 1234 exor—

934 1257 1045 1287 natum,
1070 1257 1101 1281 et
1124 1251 1203 1290 aptis
1227 1250 1353 1289 poeticis
1377 1248 1558 1287 imaginibus
1584 1247 1630 1276 di-

935 1295 1086 1329 stinctum,
1102 1294 1163 1323 dici
1185 1297 1286 1331 potest
1303 1292 1391 1331 μέλος
1406 1290 1631 1330 ποικιλόπτερον.

935 1338 1024 1367 Certe
1040 1337 1097 1366 hoc
1114 1337 1238 1365 verbum
1261 1340 1290 1364 et
1310 1334 1476 1364 celeritatis
1496 1339 1526 1363 et
1545 1342 1631 1362 orna—

935 1383 982 1409 tus
995 1378 1240 1418 significationem
1254 1378 1364 1406 habere
1377 1377 1487 1406 debere
1500 1375 1632 1406 videtur.

934 1422 1082 1452 Pindarus
1100 1421 1175 1450 Nem
1193 1421 1231 1449 V.
1246 1421 1299 1449 77.

1104 1470 1232 1500 ποικίλων
1245 1468 1377 1506 ἔψαυσας
1391 1468 1482 1508 ὕμνον.

933 1529 1056 1568 Olymp.
1071 1529 1129 1557 VI.
1146 1530 1219 1558 143.

1212 1604 1223 1610 -
1246 1585 1358 1615 πλέκων

1102 1628 1222 1659 ποικίλον
1237 1627 1326 1669 ὕμνον.

933 1692 967 1720 In
985 1691 1156 1729 Fragment.
1173 1700 1201 1718 n.
1218 1688 1412 1719 LXXXVI.

1210 1764 1222 1770 ·
1245 1745 1367 1776 ποικίλον

1101 1790 1207 1829 κόσμον
1219 1789 1355 1819 abaciam
1371 1788 1467 1826 λόγων.

933 1851 968 1880 Ιι]
987 1850 1116 1890 Hymnis
1132 1850 1237 1888 fragm.
1256 1849 1318 1895 IX.

1100 1906 1223 1947 Ὓφαίνω
1245 1925 1257 1930 -
1281 1924 1291 1929 -
1316 1925 1327 1929 -
1352 1924 1362 1928 -

1103 1949 1223 1980 ποικίλον
1238 1949 1359 1988 ἔνδημα.

934 2011 1018 2040 Inter
1042 2009 1234 2044 recentiores,
1257 2010 1383 2038 Nonnus
1410 2007 1537 2047 Dionys.
1564 2007 1632 2038 Lib.

935 2054 962 2082 I.
978 2055 1027 2084 15.

1176 2128 1187 2132 -
1212 2107 1331 2140 ποικίλον
1346 2106 1426 2147 ὕμνον
1440 2108 1568 2147 ἀξίω-σω.

936 2169 1128 2200 Carminibus
1140 2168 1265 2198 mellitis
1278 2169 1432 2198 Musarum
1443 2167 1496 2197 alae
1509 2167 1632 2198 tributae

935 2213 964 2243 in
981 2213 1089 2251 hymno
1107 2212 1209 2251 Lyrici
1231 2211 1338 2240 incerti
1357 2211 1435 2249 apud
1454 2210 1632 2240 Athenaeum

935 2255 1002 2285 Lib.
1020 2255 1113 2285 XIV.
1124 2265 1193 2294 pag.
1209 2256 1282 2284 633.
1306 2253 1492 2283 Γλυκυτάτων
1507 2253 1631 2293 πρύτανι

936 2309 1035 2337 υμνων,
1051 2297 1096 2327 καὶ
1122 2296 1216 2338 μέλεα
1241 2294 1482 2336 μελιτοπτέρωτα
1510 2297 1630 2325 Μουσαν.

935 2343 1011 2372 Joco
1033 2351 1151 2380 quoque
1178 2339 1364 2378 Antiphanes
1388 2339 1529 2368 Comicus
1551 2337 1632 2377 apud

936 2384 1024 2413 eund.
1045 2383 1110 2413 Lib.
1124 2383 1198 2412 XV.
1215 2393 1283 2421 pag.
1298 2383 1370 2412 643.
1383 2380 1517 2410 carmina
1528 2385 1631 2420 poeta—

935 2436 1000 2456 rum
1011 2426 1099 2456 nimis
1108 2426 1238 2464 turgida,
1253 2424 1346 2462 μέλεα
1356 2428 1455 2453 vocat.
1466 2423 1631 2464 ἀερσιπότη-

935 2480 986 2499 τα.
998 2469 1160 2505 Pindarus,
1169 2467 1320 2507 πτερόεντα
1333 2465 1412 2505 ὕμνον
1421 2466 1514 2501 dixit,
1524 2466 1632 2496 Isthm.

937 2512 974 2540 V.
994 2514 1045 2542 80.
1070 2513 1170 2541 Notus
1186 2520 1306 2549 quoque
1322 2509 1444 2539 Horatii
1459 2509 1554 2544 locus,
1570 2509 1630 2537 Od.

978 2609 1000 2623 “
1014 2599 1162 2634 Scriberis
1179 2603 1269 2633 Vario
1285 2603 1371 2632 fortis
1388 2610 1417 2632 et
1433 2601 1560 2630 hostium

978 2647 1084 2677 Victor
1097 2646 1221 2677 Maeonii
1237 2645 1376 2675 carminis
1391 2643 1487 2674 aliti.'’

937 2698 989 2729 ubi
1017 2699 1076 2727 cnl'.
1107 2687 1309 2736 Porphyrion.
1368 2695 1486 2724 Avibus
1514 2703 1631 2732 quoque

937 2746 1006 2780 apte
1024 2740 1191 2778 comparari
1213 2745 1329 2778 poetas,
1345 2735 1510 2767 innumeris
1527 2747 1542 2765 e
1559 2745 1630 2774 poe-

937 2790 1032 2813 tarum
1054 2783 1130 2812 locis
1150 2786 1243 2821 patet.
1288 2783 1351 2810 Ista
1372 2779 1454 2808 notio
1479 2779 1555 2813 avis,
1571 2783 1630 2807 ter-

938 2837 1000 2856 ram
1015 2820 1044 2855 'et
1061 2825 1258 2873 depressiora
1270 2825 1336 2853 loca
1351 2822 1450 2851 volatu
1465 2820 1631 2859 superantis

938 2869 1060 2909 egregie
1084 2867 1225 2898 convenit
1247 2870 1356 2905 poetae,
1382 2864 1447 2893 sive
1472 2863 1632 2892 sententias

939 2912 1004 2941 sive
1032 2913 1123 2940 verba
1152 2915 1281 2958 spectes,
1308 2905 1476 2936 sublimiori
1504 2906 1632 2939 caeteris

939 2956 969 2984 Is
1001 2954 1102 2988 etiam,
1132 2954 1180 2991 qui
1209 2952 1378 2981 celebratus
1415 2954 1461 2978 est
1493 2949 1631 2979 carmine.
