1981 3255
460 247 853 293 DISSERTATIO
887 245 970 287 DE
1001 245 1278 287 DEMADE.
1497 249 1578 289 515

158 364 343 403 adulterio
367 362 627 414 deprebensa.'
682 360 866 398 Novimus
886 372 931 396 cx
958 358 1144 395 Athenaeo
1165 358 1268 394 11.‘.›.
1290 358 1390 407 quod
1412 358 1576 410 Pytheas

157 426 390 469 asseverarit,
423 423 644 466 Demadem,
666 421 934 464 lenocinatum,
955 418 1113 462 ebrium,
1140 430 1185 454 ac
1210 419 1475 466 ventricosum‚
1500 420 1576 457 siu-

158 487 253 537 gulis
272 487 405 524 diebus
431 486 467 521 in
483 483 730 521 concionibus
751 482 903 519 versari.
959 480 1019 516 Sic
1040 486 1165 516 autem
1179 477 1452 527 πορνοβοσκῶν,
1469 480 1580 525 μεὲυ-

159 549 345 599 σκόμενος,
382 545 615 596 προγάστωρ,
651 543 762 580 facile
800 539 1067 591 comprobabit
1114 539 1304 576 Plutarchi
1341 542 1579 587 sententiam,

157 608 266 657 cujus
286 607 323 643 in
344 606 535 643 Phocione
556 609 587 643 Q
606 608 642 641 1.
657 604 819 641 dicitur:
850 604 961 645 οὕτως
980 603 1150 648 ἀσελγῶς
1169 598 1312 646 βιώσας
1332 603 1390 636 καὶ
1417 604 1579 640 πολιτευ-

158 669 329 719 σάμενος,
350 670 436 710 ὥςτε
465 667 707 715 Ἀντίπατρον
733 667 847 702 εἰπεῖν
873 664 930 700 ἐπ’
948 665 1055 700 αὑτοῦ
1084 663 1251 711 γέροντος
1275 660 1341 706 ἤδη
1369 664 1580 709 γεγονότος,

157 728 399 779 ὅτι,κα3άπερ
419 729 544 778 ἱερείου
563 727 894 776 διαπεπραγμένου,
916 727 1074 772 γλῶσσα
1101 725 1158 759 καὶ
1181 724 1297 758 κοιλία
1316 724 1430 771 μόνον
1449 723 1582 759 ἀπολέ-

156 795 314 830 λειπται.

209 854 285 891 Ill.
316 854 460 903 Utique
480 853 628 891 videtur
647 851 794 890 luxuria
815 850 942 901 potius
964 863 1009 887 ex
1029 846 1262 886 abundantia
1283 858 1477 897 pravaque
1494 860 1583 885 con-

158 914 358 953 suetudine
376 913 541 960 fluxisse,
561 926 686 964 quam,
708 912 815 963 quasi
837 910 1030 955 naturalis,
1054 909 1212 959 primam
1232 913 1383 947 aetatem
1405 907 1581 947 foedasse.

157 976 386 1024 Quanquam
406 977 504 1012 enim
525 988 599 1012 non
628 974 857 1024 ignoramus,
876 970 1065 1020 ejusmodi
1091 971 1179 1008 vitia
1210 969 1374 1008 subinde
1396 969 1582 1020 primariis

153 1036 314 1085 ingeniis
330 1036 511 1079 insidere:
544 1049 619 1086 quo
633 1035 781 1072 nomine
802 1034 921 1071 solum
939 1032 1177 1070 Alcibiadem
1194 1031 1406 1082 appellasse
1422 1030 1579 1069 sufficit:

154 1097 304 1145 remigis
323 1103 446 1135 tamen
463 1104 603 1147 partes,
619 1103 655 1134 et
672 1096 790 1133 nihilo
811 1094 934 1131 minus
952 1094 1049 1131 adeo
1069 1094 1264 1138 notabilis,
1285 1092 1365 1129 sine
1386 1091 1579 1141 magistro,

154 1158 258 1209 quod
280 1159 392 1208 vulgo
419 1158 602 1201 creditur,
624 1157 834 1207 profectus,
859 1161 899 1193 ut
919 1155 1058 1192 Atticis
1077 1155 1233 1192 auribus
1254 1153 1421 1204 placeret
1440 1158 1580 1203 orator,

152 1220 257 1258 etad
291 1225 420 1256 nutum
448 1232 554 1256 suum
584 1223 832 1267 componeret
855 1216 994 1261 omnia,
1020 1216 1225 1253 difficulter
1249 1227 1335 1252 cum
1361 1213 1426 1250 tali
1448 1219 1582 1252 natura

152 1281 360 1319 cobaerent.
415 1281 557 1318 Noster
586 1280 753 1329 quidem,
771 1284 930 1328 propter
955 1277 1226 1315 antecedentes
1253 1274 1541 1325 occupationes,
1559 1287 1584 1313 a

152 1342 267 1379 Sexto
298 1341 491 1391 Empffico
511 1346 667 1377 vocatur
690 1340 915 1385 κωπηλάτης,
937 1351 957 1375 a
983 1338 1101 1376 Suida
1131 1340 1279 1384 ναύτης,
1305 1337 1495 1385 ναυπηγὸς
1524 1338 1583 1373 καὶ

151 1402 348 1454 πορθμεὺς,
369 1406 500 1446 nauta,
509 1401 624 1452 saber
639 1401 784 1439 navalis
808 1406 843 1438 et
860 1401 1181 1438 transvectiouum
1199 1399 1435 1437 administer.
1490 1397 1582 1435 Per-

152 1465 207 1514 git
239 1464 394 1501 Suidas:
425 1464 608 1500 absistens
626 1462 671 1500 ab
697 1462 756 1499 his
774 1460 1044 1511 rempublicam
1073 1460 1360 1499 administravit
1384 1460 1582 1508 (ἐπολιτεύ-

153 1526 271 1573 σατο).
337 1526 453 1568 Quod
486 1537 574 1561 num
609 1525 732 1561 statim
765 1523 924 1569 factum,
958 1535 1004 1560 an
1029 1529 1117 1572 post
1145 1522 1433 1560 exercitationes
1461 1522 1582 1559 varias

152 1586 188 1623 in
223 1586 402 1631 dicendo,
433 1598 507 1622 non
541 1586 654 1635 plane
686 1580 847 1623 constat.
918 1583 1123 1621 Tributum
1164 1583 1305 1621 oratori
1342 1588 1472 1619 nostro
1505 1582 1582 1620 fra-

151 1653 344 1697 gmentum
374 1646 516 1696 pariter
547 1646 718 1695 proxime
750 1645 948 1694 conjungit
966 1648 996 1691 §.
1018 1648 1098 1687 18.;
1129 1644 1196 1681 sed
1222 1650 1263 1680 ut
1296 1643 1467 1680 latiorem
1501 1656 1584 1681 seu-

151 1720 232 1745 sum
270 1707 460 1756 admittat,
491 1721 535 1744 ac
572 1707 728 1744 forsitan
766 1706 935 1744 studiose
966 1712 1115 1755 tempus
1153 1705 1347 1756 quoddam
1387 1704 1581 1743 obscuret.

149 1768 266 1818 Apud
287 1768 485 1805 Stobaeum
507 1779 617 1804 serm.
640 1767 793 1804 XXIX.
815 1780 853 1816 p.
874 1769 966 1803 204.
986 1766 1047 1804 ed.
1068 1767 1154 1804 Bas.
1176 1769 1293 1803 1549.
1314 1765 1486 1814 legimus,
1507 1765 1583 1802 De-

150 1829 297 1866 madem
318 1830 608 1879 interrogatum,
625 1841 702 1878 quo
717 1828 874 1865 doctore
890 1827 1120 1878 profecerit?
1149 1827 1361 1864 nominasse
1375 1825 1494 1877 βῆμα,
1511 1827 1581 1863 tri-

150 1889 280 1936 bunal,
301 1889 521 1936 indicando,
542 1889 646 1939 quod
669 1890 706 1926 in
726 1888 817 1937 ipsis
839 1888 1013 1939 negotiis,
1034 1887 1270 1938 experientia
1289 1887 1422 1937 quavis
1449 1887 1578 1936 sophi-

149 1957 289 1989 starum
310 1951 550 1988 institutione
572 1951 620 1988 sit
646 1950 787 1987 melior.
846 1950 987 1987 Natum
1009 1956 1066 1988 est
1084 1949 1172 1986 inde
1193 1948 1453 1999 proverbium,
1474 1949 1578 1998 apud

149 2012 391 2061 Apostolium
413 2012 481 2049 IV.
498 2014 561 2051 17.
592 2011 663 2048 ἀπὸ
689 2013 807 2057 κώπης
832 2012 891 2048 ἐπὶ
905 2010 1023 2062 βῆμα.
1080 2011 1203 2054 Quem
1220 2011 1334 2047 etiam
1352 2009 1398 2047 ad
1423 2010 1579 2047 modum

150 2073 288 2110 Sextus
318 2073 531 2123 Empiricos
564 2078 697 2109 contra
729 2073 947 2110 mathemat.
970 2073 1022 2109 11.
1045 2076 1110 2109 16.
1128 2073 1266 2121 ipsum,
1287 2071 1423 2121 inquit,
1450 2071 1580 2114 ἱκανῶς

149 2135 208 2170 καὶ
226 2136 316 2171 κατὰ
334 2136 466 2183 τρόπον
484 2134 695 2183 ῥητορεύειν,
715 2135 763 2184 μὴ
781 2135 1021 2184 μετασχόντα
1045 2133 1246 2184 ῥητορικῆς,
1266 2145 1349 2170 cum
1372 2143 1449 2169 non
1476 2131 1581 2169 didi-

148 2196 259 2233 cisset
282 2195 524 2232 rhetoricam.
579 2196 632 2232 Ut
657 2201 696 2232 et
721 2195 819 2232 idem
841 2196 978 2232 Sextus
998 2195 1029 2232 I.
1051 2197 1114 2232 13.
1135 2198 1225 2232 294.
1246 2207 1306 2243 sq.
1328 2193 1580 2243 grammaticis

150 2255 336 2292 subtrahit
370 2255 604 2292 Demadem:
651 2256 741 2293 lic’et
773 2255 998 2293 Homericos
1035 2268 1163 2293 versus
1195 2255 1346 2300 afferat,
1377 2255 1529 2304 quibus,
1559 2269 1582 2293 a

150 2328 277 2365 pugna
297 2315 525 2359 Chaeronea,
547 2315 638 2353 dum
668 2316 699 2352 is
729 2316 775 2353 ad
807 2316 1017 2352 convivium
1037 2315 1262 2364 adigebatur
1281 2328 1302 2352 a
1323 2315 1515 2366 Philippo,
1537 2329 1583 2353 ex

152 2377 310 2414 Homer.
327 2376 469 2426 Odyss.
484 2376 535 2413 X.
550 2379 638 2414 383.
658 2390 745 2427 sqq.
765 2375 931 2413 feliciter
951 2389 1039 2414 usus
1059 2389 1141 2413 esse
1163 2376 1375 2420 diceretur;
1406 2388 1582 2426 quosque

153 2437 347 2487 Diogenes
374 2436 546 2474 Laertius
575 2437 643 2475 IV.
669 2442 707 2475 9.
730 2437 940 2475 Xenocrati
966 2439 1121 2487 pariter,
1147 2439 1249 2488 apud
1277 2438 1534 2488 Antipatrum,
1562 2453 1584 2477 a

152 2511 281 2549 pugna
307 2498 495 2542 Lamiaca,
523 2498 668 2536 tribuit.
724 2499 775 2536 Ni
804 2498 897 2548 quid
930 2499 982 2536 ibi
1015 2499 1189 2536 confudit
1218 2500 1376 2541 Sextus;
1413 2500 1450 2536 id
1481 2506 1584 2538 certe

154 2559 363 2605 constabit,
385 2559 485 2596 haud
507 2559 754 2610 ἀγράμματον
776 2559 988 2597 Demadem
1007 2558 1138 2606 fuisse,
1157 2561 1225 2610 qui
1246 2559 1416 2598 similiter
1433 2560 1527 2598 alias
1547 2561 1583 2598 in

156 2627 352 2658 numerato
379 2621 585 2658 sententias
609 2627 776 2658 veterum
806 2620 952 2658 habuit.
1007 2620 1323 2658 Exercitationem
1351 2622 1583 2666 continuam,

158 2681 252 2719 illud
278 2682 582 2732 potentissimum
608 2681 780 2719 discendi
807 2694 937 2731 genus,
960 2681 1176 2732 singulatim
1201 2688 1386 2720 memorat
1409 2681 1586 2724 Quincti-

160 2743 281 2781 lianus
309 2744 360 2781 II.
386 2748 446 2783 17.
467 2756 504 2793 p.
526 2748 616 2782 128.
639 2757 695 2793 sq.
720 2743 780 2781 ed.
801 2744 926 2794 Capp.
981 2743 1059 2786 Qui
1086 2743 1209 2789 simul,
1232 2745 1368 2795 partim
1397 2749 1585 2793 praestan-

161 2803 310 2850 tiorem,
337 2804 367 2840 si
397 2805 507 2853 plura
540 2804 750 2851 didicisset,
779 2804 946 2842 futurum
980 2804 1095 2842 fuisse
1128 2805 1270 2849 credin
1301 2804 1452 2856 partim,
1485 2803 1586 2840 haud

163 2865 316 2901 omnino
329 2865 456 2914 negari
471 2878 597 2915 posse,
607 2865 948 2915 contendit,ipsum
962 2879 1118 2916 quoque
1131 2867 1327 2916 magistros
1341 2864 1585 2901 auscultasse.

217 2925 286 2962 IV.
314 2926 519 2971 Caetemm,
536 2928 770 2977 Olynthiaco
785 2927 866 2976 jam
890 2928 1001 2974 bello,
1018 2928 1122 2978 quod
1144 2928 1304 2978 Olymp.
1319 2926 1462 2964 CVIII.
1480 2938 1587 2974 gere—

163 2984 290 3032 batur,
317 2986 524 3024 Demadem
554 2987 722 3038 Philippi
749 2988 947 3026 beneficiis
975 2989 1189 3028 clanculum
1220 3001 1301 3026 esse
1330 2987 1513 3036 gavisum,
1542 2998 1585 3024 ac
