1981 3255
304 187 386 226 360
711 187 1023 229 PRAEFATIO
1056 187 1311 229 TAYLORI

300 301 381 325 rum
403 301 517 338 quam
537 290 718 339 plurimos
734 292 963 342 lepidissime
978 298 1163 338 recenset,
1176 292 1314 343 quibus
1330 292 1378 328 ab
1396 291 1552 335 Avibus,
1575 295 1730 340 propter

300 349 360 386 vel
379 350 606 399 singularem
627 352 702 390 oris
718 360 845 390 notam
866 362 904 391 et
923 353 1215 399 deformitatem,
1231 354 1289 391 vel
1308 354 1482 390 eximium
1513 351 1671 401 aliquod
1691 351 1728 388 iu

301 410 469 448 moribus
488 418 551 450 aut
568 413 807 452 sermonibus
829 415 975 459 vitium,
996 415 1225 459 Ἐπικλὴσιεις
1244 415 1395 454 annecti
1414 415 1590 452 solerent.
1628 411 1728 449 Vide

301 476 441 517 autem,
462 485 573 522 quam
591 472 750 512 festive!

635 567 839 607 Ὠξνιθομάνουν
853 566 877 595 δ’
890 567 961 597 οὕτω
973 568 1134 608 περιφανῶς,
1149 569 1223 599 ὥστε
1237 569 1285 598 καὶ

635 618 783 647 Πολλοῖσιν
796 617 902 657 ὀρνίθων
916 617 1030 657 &rifan-1³
1043 616 1071 648 ’ἦν
1086 617 1207 657 κείμενα.

636 667 733 707 Πέρδιξ
746 668 801 706 μὲν
815 666 852 701 εἷς
864 669 992 702 κάπηλος
1003 669 1162 709 ὠνομάζετο

633 718 737 752 Χωλός·
754 717 887 758 Μενίππῳ
901 718 923 748 δ’
935 717 964 750 ’ἧν
978 719 1095 749 Χελιδὼν
1109 719 1243 758 τοῦνομα·

635 767 785 808 Ὀπουντίῳ
802 768 825 799 δ’
840 768 983 809 ὅφθαλμδν
998 770 1044 799 οὐκ.
1058 769 1130 811 ἔχων
1145 769 1242 810 Κόραξ.

634 817 744 857 Κοξυδός
759 818 911 849 Φιλοκλέει·
924 820 1098 860 Χηναλώπηξ
1115 819 1251 858 Θεαγένει·

633 867 703 902 '‘1614-
718 869 873 909 Λυκούργῳ·
888 873 1057 911 Χαιρεφῶντι
1071 870 1208 910 Num-egk-

635 919 806 969 Συςακουσίίῳ
821 920 847 950 δὲ
862 920 967 951 Kirra.
1489 923 1577 952 Avns
1593 923 1685 952 1290.

351 996 447 1046 Quis
466 1001 581 1039 suerit
600 1001 672 1039 iste
693 1003 905 1055 Lycurgus,
934 1017 1047 1054 quem
1077 1003 1140 1042 hic
1168 1002 1348 1042 defricuit
1367 1003 1608 1054 Cornicorum
1628 1003 1730 1040 Prin-

299 1077 403 1115 ceps,
424 1070 489 1102 aut
508 1063 609 1101 unde
629 1064 832 1103 duceretur
848 1064 970 1104 Ibidis
984 1066 1189 1103 ludibrium
1209 1073 1246 1103 et
1262 1065 1506 1110 contumelia,
1522 1065 1599 1102 sive
1617 1063 1731 1102 fuerit

299 1125 351 1162 ob
383 1137 534 1163 crurum
569 1126 834 1175 gracilitatem,
861 1134 904 1165 ut
938 1127 1105 1164 nonnulli
1138 1126 1422 1170 existimarunt;
1467 1125 1544 1174 sive
1571 1131 1731 1176 propter

299 1186 449 1236 generis
480 1186 802 1238 peregrinitatem,
837 1194 879 1225 ut
911 1188 993 1226 aliis
1023 1188 1153 1238 potius
1180 1187 1300 1225 visum
1325 1194 1405 1230 est;
1455 1187 1533 1224 sive
1562 1186 1731 1235 denique

300 1247 406 1296 quod
427 1247 502 1285 vita
523 1255 559 1285 et
579 1248 748 1286 moribus
773 1249 980 1299 AEgyptios
999 1249 1200 1294 referebat,
1226 1261 1311 1286 nam
1332 1255 1370 1286 et
1395 1248 1433 1286 id
1460 1261 1613 1298 quoque
1633 1248 1732 1285 inter

300 1307 372 1345 alia
399 1309 629 1358 conjicitur:
672 1322 717 1347 ea
747 1310 876 1359 utique
908 1310 1033 1347 omnia
1055 1316 1093 1347 et
1117 1310 1199 1360 Ego
1225 1310 1368 1356 nescio,
1391 1316 1429 1347 et
1456 1308 1603 1346 Posteri
1621 1307 1728 1350 ,forte

301 1369 530 1407 nescibunt.¹⁵
586 1370 729 1407 Noster
741 1377 844 1408 certe
861 1384 935 1408 non
953 1370 1037 1417 fuit,
1053 1384 1178 1421 neque
1191 1377 1351 1421 propter
1365 1370 1446 1419 ejus
1461 1372 1499 1408 in
1516 1369 1730 1419 judicando

300 1431 545 1468 acrimoniam
576 1431 659 1469 haec
690 1431 766 1469 dici
800 1439 1020 1482 potuerunt,
1042 1446 1128 1470 cum
1149 1431 1424 1482 Aristophanes
1445 1431 1543 1468 hanc
1563 1431 1729 1468 fabulam

301 1490 433 1528 docuit
450 1498 537 1529 ante
558 1498 683 1529 natum
702 1492 931 1543 Lycurgum,
948 1492 1058 1542 cujus
1072 1492 1267 1530 historiam
1281 1492 1526 1542 peremimus,
1543 1498 1609 1529 aut
1626 1497 1731 1530 certe

300 1552 418 1602 prius,
438 1566 549 1602 quam
570 1553 606 1589 in
628 1553 838 1602 Republica
858 1560 1086 1591 versaretur.

354 1613 504 1650 Interea
529 1619 654 1650 tamen
685 1619 814 1651 noster
836 1622 1023 1665 perpetua
1042 1621 1080 1651 et
1107 1613 1271 1651 Justitiae
1299 1613 1409 1651 simul
1433 1619 1471 1650 et
1497 1612 1732 1662 Integritatis

300 1673 412 1710 laude
431 1673 633 1711 eminebat.
690 1674 790 1711 Raro
805 1674 904 1711 enim
923 1674 1109 1712 invenires
1125 1674 1162 1710 in
1181 1674 1313 1711 alienis
1327 1673 1425 1710 vitiis
1441 1673 1648 1718 difficilem,
1665 1672 1731 1723 qui

301 1734 348 1771 sit
367 1733 489 1771 facilis
505 1734 541 1770 in
557 1733 652 1782 suis3
672 1741 735 1771 aut
749 1734 821 1771 sibi
834 1741 975 1772 temere
993 1735 1202 1783 ignoscere,
1217 1734 1282 1784 qui
1299 1734 1351 1770 ita
1367 1747 1405 1770 se
1422 1733 1594 1782 quotidie
1610 1739 1732 1784 parat,

302 1800 342 1831 ut
361 1807 470 1831 suum
490 1794 577 1832 vitae
598 1807 716 1844 genus
746 1795 795 1831 ab
823 1795 1002 1832 omnibus
1021 1795 1300 1845 inspiciendum
1322 1800 1360 1832 et
1385 1794 1644 1831 trutinandum
1665 1790 1732 1831 de-

300 1854 412 1901 derit,
431 1855 703 1904 ignoscendum
716 1868 804 1893 vero
825 1862 863 1893 et
881 1856 1178 1893 condonandum
1197 1869 1218 1892 a
1239 1855 1399 1892 nemine.
1447 1855 1508 1891 Ad
1527 1854 1611 1892 haec
1631 1855 1734 1907 elaq-

299 1928 479 1965 guescere
508 1915 622 1952 etiam
641 1923 796 1965 oportet
815 1916 852 1953 in
873 1916 956 1953 foro
976 1923 1014 1954 et
1034 1918 1226 1954 contemni
1248 1916 1358 1953 istam
1379 1915 1633 1962 severitatem,
1648 1928 1735 1953 cum

300 1989 375 2026 qua
386 1976 603 2014 innocentia
614 1976 826 2015 domestica
839 1984 878 2014 et
889 1977 1123 2015 continentia
1139 1989 1284 2014 summa
1298 1989 1373 2013 non
1387 1983 1536 2014 certare
1550 1976 1736 2014 videatur.

300 2037 414 2084 Nam,
433 2037 510 2074 sive
531 2038 675 2075 miseris
690 2045 728 2075 et
747 2037 900 2076 afflictis
921 2038 1069 2075 civibus
1087 2038 1228 2087 injure
1247 2044 1349 2075 esset
1369 2037 1563 2087 praesidio,
1585 2038 1662 2075 sive
1681 2037 1738 2074 in-

300 2097 399 2147 frugi
419 2104 458 2135 et
476 2097 717 2136 facinorosos
738 2099 774 2135 in
797 2099 1013 2149 periculum
1034 2098 1259 2148 adduceret,
1280 2097 1384 2147 quod
1415 2110 1518 2148 saepe
1545 2097 1650 2143 fecit,
1669 2096 1736 2134 ali-

302 2158 457 2208 quando
485 2159 602 2204 solus,
624 2171 900 2208 nonnunquam
931 2159 1197 2196 subscribente
1227 2157 1505 2203 Demosthene,
1533 2157 1737 2208 utrobique

301 2225 447 2257 tantum
462 2220 510 2257 de
525 2232 571 2256 eo
587 2233 737 2270 semper
750 2220 894 2257 factum
911 2227 967 2258 est
984 2219 1264 2270 praejudicium,
1283 2225 1325 2257 ut
1339 2219 1534 2268 externplo
1546 2218 1613 2267 jus
1626 2231 1738 2256 omne

302 2280 351 2317 ab
370 2293 414 2317 ea
435 2286 542 2330 parte
569 2287 669 2318 stare
689 2281 896 2328 videretur,
916 2281 977 2318 cui
999 2294 1038 2318 se
1058 2280 1299 2329 adjunxisset
1320 2279 1546 2329 Lycurgus.⁶
1601 2279 1737 2328 Itaque

303 2341 485 2390 imprimis
506 2341 599 2379 illud
627 2342 887 2388 memorabile,
908 2342 1027 2392 quod,
1046 2342 1082 2379 in
1105 2355 1179 2391 qua
1205 2342 1296 2379 urbe
1313 2341 1491 2378 Socrates
1512 2347 1653 2391 pra-,ter
1671 2353 1735 2378 ce—

303 2409 403 2440 teros
423 2403 552 2452 Σοφὸς,
573 2403 719 2441 Phocio
747 2403 931 2453 Χρηστὸς,
959 2403 1146 2441 Aristides
1174 2402 1320 2445 Δίκαιος
1346 2401 1615 2452 appellaretur,
1635 2399 1673 2438 in
1691 2413 1737 2439 ea

304 2470 409 2500 tanta
430 2465 538 2500 unius
568 2464 730 2501 hominis
750 2465 978 2502 existimatio
999 2465 1122 2508 tieret,
1142 2471 1184 2500 ut
1207 2464 1308 2500 solus
1328 2463 1453 2499 omnia
1472 2469 1511 2499 et
1531 2462 1735 2511 Sapientiae

304 2531 342 2562 et
383 2525 566 2562 Bonitatis
603 2533 640 2562 et
671 2526 837 2563 Justitiae
870 2525 1043 2577 exempla
1072 2525 1110 2562 in
1139 2538 1178 2562 se
1207 2525 1333 2574 ipsum
1361 2523 1509 2561 trahere
1529 2521 1735 2560 videretur.

307 2586 440 2634 Itaque
471 2585 575 2634 quod
606 2586 894 2623 Atheniensium
919 2585 1010 2623 nulii
1032 2585 1238 2635 contigisse
1258 2584 1481 2626 audivimus,
1503 2582 1540 2618 id
1563 2582 1652 2620 huic
1673 2583 1735 2620 uni

307 2645 490 2695 contigit:
523 2645 668 2682 scilicet
689 2653 835 2683 tantum
857 2647 892 2684 in
922 2660 968 2684 eo
987 2647 1168 2684 enituisse
1197 2645 1328 2689 fidem,
1351 2651 1390 2681 ut
1422 2643 1594 2694 plerique
1623 2643 1734 2681 Cives

349 2758 361 2776 ⁵
378 2755 432 2795 [V.
472 2755 648 2791 lnterprett.
691 2754 911 2792 Aristophanis,
948 2754 1002 2783 irn-
1038 2751 1179 2792 ρευομένῳ.
1210 2750 1364 2780 Plutarch.
1395 2760 1423 2778 v.
1445 2750 1519 2787 Lyc.
1545 2760 1576 2788 p.
1603 2751 1675 2780 841.
1698 2749 1734 2779 E.

309 2798 416 2837 primis
432 2796 581 2827 Beckium
597 2796 634 2825 V.
649 2796 683 2825 C.
698 2797 818 2825 n‹l.l1.l.
837 2796 1003 2835 Breuem]
1039 2794 1099 2831 Qui
1115 2795 1179 2823 hmo
1195 2799 1298 2823 mutuo
1320 2793 1448 2831 sumpsit
1470 2803 1486 2821 a
1512 2792 1733 2822 Demosthene:

351 2839 364 2858 ⁸
381 2839 530 2871 Διιτὲλεσε
552 2837 597 2867 τὸν
618 2839 735 2868 ἅπαντα,
755 2839 845 2878 χρόνον
861 2839 1006 2876 εὐδοκιμῶν
1039 2836 1121 2868 Οὕτω
1137 2835 1158 2865 δ’
1169 2835 1334 2866 ὲπιστιύιτε
1353 2835 1431 2873 αὐτῷ
1441 2835 1485 2863 καὶ
1503 2833 1648 2872 δημοτικὸν
1658 2834 1737 2874 παῤ

313 2885 398 2922 wag&
414 2883 473 2915 τοῖς
488 2878 655 2915 Ἀθηναίοις,
670 2881 717 2910 καὶ
733 2879 833 2913 δίκαιος
848 2880 913 2910 εἶναι
928 2892 1006 2918 vopu-
1039 2879 1149 2911 πάντας
1169 2877 1288 2916 ἡγεῖσθε,
1309 2877 1382 2906 ὥστε
1406 2879 1502 2906 πολλὰ
1516 2879 1569 2906 τῶν
1587 2875 1695 2906 δικαίων
1709 2875 1737 2906 ἔν

312 2924 431 2964 ζόμινος,
444 2925 517 2954 ὥστε
525 2924 571 2953 καὶ
582 2922 607 2952 ἦν
615 2924 672 2956 τοῖς
684 2925 863 2961 δικαστηρίοις
875 2922 907 2952 τὸ
917 2925 1007 2960 φῆσαι
1039 2922 1080 2960 τῷ
1095 2923 1183 2960 φῆσαι
1201 2922 1348 2960 Λυκοῦργον
1360 2919 1485 2959 inginu-
1510 2919 1668 2950 Demosth.
1684 2928 1733 2959 ep.

315 2969 473 3006 Λυκοῦργον,
488 2966 570 2997 ὶδόιιιι
585 2966 721 3005 Βοὴθημα
743 2965 808 2995 εἶναι
829 2964 872 3002 τῷ
893 2976 1006 3003 σὐνηγο-
1041 2965 1105 2994 111.
1121 2975 1152 3002 p.
1172 2965 1263 2994 1475.
1282 2963 1301 2992 Ι.
1318 2965 1368 2994 28.
1385 2963 1432 2993 ed.
1449 2962 1556 3005 Reisk.

1939 0 1953 112 ⁴-ss
