1981 3255
311 198 394 239 362
703 194 1018 237 PRAEFATIO
1050 196 1306 238 TAYLORl

310 312 397 337 cum
416 297 527 336 laude
546 297 692 343 docuit,
711 310 834 348 neque
848 299 984 336 minori
999 306 1122 336 tamen
1135 299 1426 337 conflictabatur
1442 298 1582 348 inopia.
1629 297 1725 345 Nam

310 372 399 398 cum
417 371 578 396 annuam
600 357 779 408 Inquilini
801 358 1078 408 pensatiouem,
1097 359 1174 396 XII
1193 358 1432 396 solummodo
1449 358 1727 403 drachmarum,

311 420 455 457 solvere
483 432 556 457 non
577 419 774 469 potuisset,
792 426 904 468 atque
926 419 1011 456 ideo
1038 420 1253 463 (luceretur.
1273 420 1422 457 obviam
1441 419 1563 457 factus
1584 419 1727 468 Lycur-

311 494 393 530 gus,
414 481 608 530 publicani
627 487 743 531 caput
764 481 912 524 baculo,
932 493 1041 530 quem
1063 481 1099 517 in
1120 493 1229 532 manu
1252 481 1349 518 forte
1373 482 1541 526 tenebat,
1567 480 1728 530 primum

312 544 546 590 comminuit,
564 543 700 580 deinde
721 556 785 581 sua
806 543 912 579 unius
928 543 1155 579 auctoritate
1170 543 1206 579 in
1221 543 1368 580 vincula
1384 541 1729 592 publicaconjecit,

313 611 351 643 et
371 604 642 655 philosophum
654 603 837 640 liberavit.
893 602 1190 640 Atheniensibus
1203 616 1347 640 summo
1363 604 1488 640 studio
1502 604 1729 641 liberrimum

313 666 412 703 istud
434 665 592 710 facinus,
611 665 688 700 sive
709 663 848 712 regium
863 664 1004 713 potiu3‚
1027 663 1288 715 probantibus,
1305 664 1556 710 Xenocrates,
1575 663 1729 700 minimo

312 725 513 776 interjecto
531 732 715 774 tempore,
735 723 897 774 Lycurgi
911 723 1050 768 liberis,
1067 736 1160 773 quos
1181 724 1216 761 in
1234 724 1294 761 via
1312 724 1546 771 offendisset,
1563 722 1731 768 Gratias,

309 787 446 835 inquit,
469 786 564 835 patri
584 791 708 822 vestro
723 784 901 821 citissime
924 784 1100 833 rependi;
1132 797 1220 821 ecce
1241 784 1337 821 enim
1354 784 1477 828 statim
1494 784 1543 821 ab
1556 783 1731 820 omnibus

308 846 519 885 laudatur.¹

360 906 465 944 Tulit
484 906 701 957 Lycurgus:
742 915 966 956 FEM1NAM
989 915 1050 943 AD
1073 906 1320 954 MstrERrA
1343 905 1579 952 EaauerE
1601 912 1734 953 CELE-

314 976 510 1004 BRANDA
542 976 668 1003 BlGls
711 975 806 1003 NON
839 976 968 1011 VEHI,
1006 975 1283 1003 CONVICTAM
1320 965 1586 1014 TALENXTIIJM
1623 973 1736 1012 ΡΕΝΓ

313 1037 449 1067 DERE.
497 1027 591 1077 Ejus
608 1040 712 1072 uxor,
735 1026 877 1073 mulier,
896 1033 938 1064 ut
953 1026 1115 1070 videtur,
1138 1027 1274 1064 nobilis
1291 1032 1328 1064 et
1345 1033 1577 1076 sumptuosa,
1593 1038 1638 1063 ea
1654 1019 1735 1077 lege

311 1087 432 1126 teneri
449 1088 605 1126 noluit.²
659 1087 720 1125 Ibi
740 1087 833 1137 quid
848 1079 1028 1126 Noster'l'
1047 1088 1191 1126 Eadem
1206 1087 1350 1138 argenti
1365 1100 1523 1136 summa,
1541 1099 1653 1136 quam
1670 1099 1738 1130 sua

311 1149 429 1200 ipsius
449 1150 532 1200 lege
554 1149 698 1187 solvere
719 1155 924 1195 teneretur,
940 1149 1146 1187 delatorem
1163 1150 1238 1187 sive
1254 1148 1529 1200 sycophantam
1546 1147 1738 1199 demulsit,

311 1210 582 1260 silentiumque
605 1209 819 1260 imperavit.
877 1210 922 1247 Id
937 1209 1096 1259 factum,
1117 1223 1233 1260 quum
1254 1209 1423 1247 nonnulli
1443 1222 1551 1255 secus
1570 1209 1738 1256 tulerint,

313 1270 584 1321 hominemque
609 1271 807 1321 increpare
835 1271 1031 1320 coeperint‚
1053 1270 1104 1308 ibi
1133 1270 1258 1321 erupit
1277 1270 1468 1320 liberrima
1496 1270 1564 1306 illa
1590 1270 1737 1308 oratio:

311 1335 414 1376 ποῖός
433 1348 487 1375 τις
502 1333 590 1382 ὑμῖν
609 1331 697 1369 δοκῶ
708 1330 802 1369 εἶναι
820 1332 987 1378 πολίτης,
1003 1333 1043 1374 ὃς
1060 1336 1231 1369 τοσοῦτον
1243 1332 1376 1382 χρόνον
1391 1334 1435 1368 τὰ
1451 1330 1606 1380 δημόσια
1621 1330 1738 1379 πράτ-

308 1410 384 1431 των
401 1396 484 1443 παρ’
503 1394 604 1443 ὑμῖν,
625 1391 741 1435 διέοὒς
769 1395 917 1442 μᾶλλον
935 1392 1078 1438 ἀδίκως,
1097 1393 1118 1436 ἢ
1143 1391 1348 1442 λαμβάνων
1367 1391 1589 1442 εἷλημμαη3
1615 1390 1741 1441 qualis

311 1459 367 1492 est
385 1454 466 1493 haec
489 1466 568 1492 mea
595 1454 697 1491 ratio
728 1453 1047 1492 administrandae
1069 1451 1324 1502 Reipublicae,
1354 1464 1440 1502 quae
1470 1464 1549 1490 non
1578 1455 1741 1502 acceptae

311 1520 446 1553 contra
463 1516 535 1564 jus
551 1515 741 1564 pecuniae,
760 1513 826 1551 sed
844 1519 1012 1564 erogatae
1026 1514 1213 1564 arguitur
1224 1513 1242 1549 ?

365 1577 602 1614 Memoratur
630 1588 786 1625 quoque
812 1581 849 1612 et
881 1576 946 1612 illa
965 1587 1037 1612 vox
1058 1573 1263 1623 praeclara:
1294 1573 1338 1610 In
1359 1573 1556 1611 Concione
1576 1555 1740 1623 quadam

312 1638 579 1683 tumultuante,
599 1650 686 1673 cum
702 1636 865 1686 populus
885 1637 920 1674 ei
934 1637 1188 1686 obstreperet,
1203 1647 1340 1685 magno
1360 1635 1485 1672 animo
1500 1635 1740 1676 exclamavit:

302 1697 354 1736 ⁷ss
367 1694 574 1749 Κεριέυραία
589 1693 734 1748 μα’στιξ,
747 1700 794 1739 ὡς
807 1700 958 1734 πολλῶν
975 1696 1169 1733 ταλάντων
1184 1694 1216 1733 εἶ
1234 1697 1338 1741 rigia!
1369 1696 1557 1734 Innuebat
1571 1696 1741 1741 nimirum

311 1761 349 1798 in
374 1759 544 1797 oratione
564 1757 756 1807 Populum
778 1756 1055 1794 Atheniensem
1076 1756 1178 1793 illam
1200 1755 1334 1794 saecem
1355 1756 1509 1801 Thesei,
1530 1762 1568 1794 et
1594 1757 1742 1800 turbam

313 1820 510 1869 Cecropis,
529 1818 622 1856 nihil
652 1831 733 1855 esse
768 1817 837 1854 nisi
863 1817 1038 1867 mastigia
1066 1829 1167 1854 mera
1189 1824 1226 1854 et
1245 1817 1473 1855 verberones
1501 1819 1617 1868 ipsos,
1638 1818 1742 1863 loris,

313 1894 389 1918 non
410 1878 592 1925 consiliis,
612 1878 660 1916 ad
678 1890 809 1916 sanam
825 1884 988 1915 mentem
1000 1884 1039 1915 et
1053 1877 1218 1915 officium
1241 1878 1488 1916 revocandos.
1544 1878 1743 1917 Laudabat

311 1942 418 1993 flagri
439 1955 561 1987 usum,
580 1939 690 1989 cujus
708 1939 939 1977 conficiendi
958 1940 1092 1990 peritia
1113 1939 1322 1990 Corcyraei,
1341 1946 1384 1977 ut
1403 1939 1567 1986 videtur,
1587 1940 1742 1990 aliquod

314 2002 386 2041 sibi
422 2014 558 2040 nomen
590 2013 784 2051 peperere.
859 2001 918 2038 lta
947 2002 1019 2038 hoc
1049 2001 1292 2049 proverbium
1323 2001 1496 2038 nonnulli
1517 2000 1744 2050 explicant.⁴

313 2065 403 2102 Scio
440 2070 564 2102 tamen
597 2062 689 2099 alios
718 2061 861 2099 aliter.⁵
940 2061 1160 2111 Aliquando
1192 2061 1406 2099 existimavi
1438 2062 1522 2099 haec
1550 2062 1665 2100 verba
1683 2062 1745 2109 ita

313 2125 439 2175 potius
470 2123 584 2161 fuisse
604 2121 839 2172 accipienda.
896 2120 1052 2159 Civibus
1080 2122 1158 2159 otio
1188 2121 1304 2159 nimio
1325 2128 1364 2159 et
1389 2134 1484 2171 pace
1504 2122 1650 2160 diutina
1669 2122 1744 2161 dif-

313 2185 532 2230 fluentibus,
550 2184 587 2221 in
607 2183 828 2221 memoriam
849 2181 919 2220 sibi
938 2182 1144 2228 revocavit,
1165 2189 1308 2232 quanta
1327 2182 1514 2231 dignitate
1545 2189 1684 2229 esseut,
1705 2189 1745 2221 et

315 2252 459 2296 quanta
487 2244 712 2283 auctoritate
734 2243 771 2280 in
792 2243 894 2281 bello
922 2244 991 2280 viri
1011 2256 1143 2293 graves
1171 2250 1209 2280 et
1240 2243 1444 2293 sapientes,
1466 2244 1532 2293 qui
1559 2244 1742 2294 populum

314 2306 460 2344 consilii
489 2306 641 2356 inopem
671 2304 825 2342 flectere
854 2310 891 2342 et
922 2304 1108 2342 moderari
1130 2311 1345 2353 potuerunt.
1403 2304 1520 2342 Hisce
1549 2305 1656 2342 annis
1675 2303 1742 2344 de-

315 2367 429 2405 sierat
461 2367 607 2406 Bellum
641 2364 1023 2417 Peloponnesiacum,
1053 2379 1098 2403 ex
1129 2365 1300 2415 Corcyra
1329 2365 1490 2414 primum
1516 2363 1738 2403 conflatum:

315 2459 439 2490 busdam
462 2456 624 2499 juvenibus
646 2460 830 2492 decertasse,
845 2467 877 2487 se
901 2467 952 2487 ore
977 2462 1007 2487 et
1045 2456 1141 2487 σταίη.
1184 2457 1230 2486 Cf.
1248 2456 1402 2486 Plutarch.
1417 2456 1512 2485 Phoc.
1527 2465 1555 2484 c.
1572 2459 1623 2485 27.

315 2501 466 2531 illecebris
487 2507 597 2531 tautam
615 2502 753 2531 virtutem
771 2500 891 2529 vincere
908 2509 1010 2538 posse.
1089 2499 1097 2516 ¹
1118 2499 1269 2529 Plutarch.
1287 2499 1314 2528 iu
1332 2500 1462 2536 Lycurg.
1479 2508 1510 2536 p.
1525 2499 1596 2528 842.
1615 2499 1649 2528 B.
1667 2498 1743 2529 Pho-

316 2538 463 2574 Simulato
479 2543 572 2581 igitur
591 2549 670 2573 metu
689 2543 725 2572 ad
746 2542 921 2580 Philosophi
938 2543 1010 2571 aedi-
1046 2543 1105 2571 tius
1124 2542 1201 2571 Cod.
1222 2543 1294 2571 ⁸268.
1339 2541 1396 2570 Ille
1419 2541 1509 2570 etiam
1534 2540 1563 2569 in
1590 2540 1652 2570 vita
1673 2541 1742 2570 Fla-

317 2586 414 2617 culam
429 2585 572 2624 confugit.
618 2586 674 2615 llle
697 2590 794 2614 autem
818 2584 1009 2615 humanitatis
1045 2583 1128 2614 minii
1145 2594 1212 2622 cap.
1227 2583 1310 2613 xn.

313 2630 382 2667 jura
404 2627 566 2667 αἰδούμινος,
583 2633 613 2657 et
637 2627 803 2667 supplicem
827 2637 882 2656 uon
906 2637 1009 2666 asper·
1087 2626 1098 2644 ²
1117 2627 1267 2656 Plutarch.
1303 2624 1333 2654 iu
1369 2624 1507 2662 Lycurgo
1535 2634 1567 2663 p.
1597 2627 1671 2657 842.
1699 2626 1739 2655 A.

318 2675 415 2706 natus,
439 2671 659 2705 domunculam,
685 2675 714 2699 et
740 2669 1009 2708 advesperascente
1045 2669 1156 2700 AElian.
1175 2667 1212 2697 V.
1230 2669 1270 2698 H.
1286 2666 1384 2696 xm.
1402 2668 1451 2696 24.

317 2713 406 2749 ooelo,
421 2713 528 2743 lectum
546 2712 645 2746 etiam,
661 2713 710 2750 qui
726 2716 789 2742 erat
809 2712 924 2748 unicus,
942 2722 1008 2742 curn
1086 2711 1098 2728 ³
1116 2711 1265 2740 Plutarch.
1293 2709 1322 2738 in
1347 2709 1485 2747 Lycurgo
1509 2707 1530 2736 l.
1555 2718 1582 2737 c.
1612 2708 1683 2738 item
1711 2708 1740 2739 in

318 2756 493 2786 muliercula
507 2755 754 2784 communicabat.
785 2755 859 2791 Quae
873 2754 1009 2793 proximo
1045 2757 1182 2786 tractatu.
1204 2753 1254 2790 qui
1278 2751 1468 2780 inscribitur:
1494 2750 1553 2789 περὶ
1572 2752 1619 2780 τοῦ
1645 2750 1741 2783 ἑαυτὸν

318 2808 414 2834 mane,
448 2797 568 2827 consilii
602 2796 697 2832 irrita,
735 2796 1009 2835 percunctantibus,
1044 2794 1160 2825 ἐπαινεῖν
1181 2792 1358 2833 ἀνεπιφθόνως
1378 2803 1407 2831 p.
1422 2794 1496 2823 541.
1515 2794 1548 2822 F.
1565 2798 1594 2822 et
1612 2793 1741 2833 denique

318 2841 436 2881 qualem
462 2839 617 2870 victoriam
644 2850 661 2868 a
691 2839 801 2868 Catone
832 2844 1008 2876 reportaret,
1044 2838 1073 2867 iu
1088 2837 1316 2875 Courparatione
1333 2836 1428 2865 Nicia:
1444 2841 1474 2865 et
1490 2835 1604 2872 Crassi,
1618 2836 1693 2874 Ca‘p.
1710 2839 1740 2866 1.

270 2886 271 2891 ¹
317 2884 434 2914 dixisse
449 2883 558 2912 fertur:
575 2891 602 2911 ιο
617 2891 673 2911 non
687 2891 704 2909 a
721 2880 797 2915 Viro,
811 2882 856 2910 sed
872 2891 889 2909 α
905 2882 1009 2910 Statua
1087 2881 1097 2898 ⁴
1112 2880 1212 2909 Sclrol.
1230 2879 1383 2917 Aristopb.
1400 2881 1457 2909 Av.
1478 2880 1567 2909 1465.
1591 2878 1735 2917 Apostol.

318 2927 477 2956 surr-uisse.
522 2925 628 2955 Graeca
649 2930 717 2953 aunt
737 2923 834 2961 paullo
851 2923 1007 2953 suaviora:
1045 2922 1108 2952 XI.
1125 2924 1177 2952 29.

320 2969 354 3001 ὡς
371 2980 417 2998 ουκ
438 2966 491 2997 ἀπ’
511 2966 608 3006 infigit,
626 2964 692 2996 ἄλλ’
705 2964 757 2995 ἀπ
776 2964 925 3003 arleium-oc
942 2967 1007 2994 aiva-
1085 2964 1214 2994 ⁵Strabo
1230 2964 1248 2992 l.
1267 2963 1339 2992 Vll.
1367 2963 1499 3001 Hesych.
1513 2969 1589 3003 Κςςκ.
1603 2962 1735 3000 μάστιξ.
