1981 3255
570 206 769 248 KATA
826 206 1361 250 ΛΕΩΚΡΑΤΟὙΣ.
1571 200 1674 248 441

251 319 360 370 θεῶν
384 317 642 389 ἐπιμελειαν
667 316 827 377 ποία-ας
849 340 926 388 μεν
954 318 1039 378 τοὶς
1064 318 1346 411 α’νθρωπινας
1370 316 1596 410 πράξεις’
1581 341 1676 370 επι-

251 403 447 453 σκοπεῖν,
474 390 687 461 μάλιστα
715 388 757 442 δε
784 417 861 453 την
890 417 985 479 περι
1014 416 1114 451 τους
1143 416 1296 458 γονεας
1321 416 1399 443 και
1427 416 1526 450 τους
1551 415 1674 443 τετε-

248 465 518 527 λευτηκᾶτας
540 487 618 516 και
655 462 733 525 τῆν
756 489 865 550 Ζτξος
889 489 1047 526 αυτους
1072 465 1315 528 εὖσεβειαν.
1346 464 1535 523 εἰκότως
1563 464 1677 556 παρ’

181 555 230 591 35
246 563 301 590 ων
325 537 412 627 7024>
433 562 510 599 την
534 536 675 622 οἷξχῆν
702 560 776 590 του
804 539 880 612 ζῇν
908 539 1144 610 εἶλῆφαμεν
1170 564 1247 592 και
1275 548 1479 592 πλεῖστα
1503 538 1675 602 οἷγαθα

245 610 541 682 πεπόνθαμεν,
564 635 622 670 εις
642 611 818 672 τούτους
834 613 898 682 μή
916 611 983 665 ὅτι
1003 615 1217 688 ἁμαρτεῖν
1236 613 1345 665 ἀλλ’
1364 610 1432 664 ο’τι
1452 610 1515 681 pm?
1536 611 1671 700 ¹26⁵?-

238 685 487 749 ’γετοῦντας
521 709 595 738 τον
636 710 779 738 αυτων
816 687 915 747 βιον
951 701 1281 740 καταναλωσαι
1315 684 1529 757 μέγιστον
1566 683 1671 736 οἷο-ἕ-

236 757 412 827 ,ancd’
396 782 509 811 εστι.

314 831 407 897 κγ’.
448 834 642 899 Λεγεται
675 857 742 885 ουν
777 833 815 886 ἓν
849 835 1042 903 Σικελία
1066 866 1137 872 -
1169 834 1204 885 εἶ
1234 857 1324 901 ’γαρ
1359 857 1438 884 και
1473 829 1671 902 μυθωδέ-

241 906 389 972 στερόν
423 905 557 969 ἔστιν,
587 906 698 958 οἷλλ
719 906 898 997 οἷςμοσει
928 905 1006 960 και
1040 909 1137 979 υμῖν
1169 906 1320 961 ἅπασι
1348 916 1439 966 τοῖς
1466 929 1672 990 νεωτεξοις

240 978 431 1032 οἰκοῦσαι
457 1012 528 1020 ·--
554 979 603 1033 ἔκ
638 1005 718 1040 τῆς
741 979 897 1044 Αἶτνης
928 981 1073 1050 ῥύακα
1102 981 1231 1058 magog
1258 980 1672 1048 yev563a1·70v70v

802 1104 811 1122 ¹
835 1103 1005 1144 ἔνεςγοῧντας
1019 1104 1054 1134 Τ.
1071 1104 1111 1133 R.

239 1209 383 1231 suasorve
400 1202 488 1231 velim
505 1201 617 1239 fuisse,·
639 1202 731 1233 immo
746 1202 789 1233 ita
803 1207 890 1233 caute
906 1204 936 1233 in
1014 1204 1067 1233 καὶ
1089 1203 1156 1243 ὑμῖν
1177 1201 1274 1232 ἕποιο-ι
1291 1202 1350 1237 τοῖς
1364 1200 1511 1242 νεωτέροις]
1534 1200 1670 1240 Cogitari

238 1243 286 1272 his
300 1245 398 1273 adhuc
419 1244 630 1281 incedendum,
649 1250 682 1275 ut
701 1245 728 1275 is
744 1246 795 1284 qui
810 1247 933 1284 conjun-
971 1246 1091 1284 quidem
1107 1250 1219 1284 potest,
1236 1246 1408 1284 Lycurgum
1426 1244 1457 1274 h.
1472 1244 1493 1274 Ι.
1510 1243 1605 1273 solum
1618 1245 1667 1281 ju·

236 1286 350 1316 ctivum
375 1287 495 1316 tolerari
518 1297 610 1326 posse
629 1288 746 1326 jubeat,
767 1289 935 1318 verendum
967 1289 1069 1318 niores
1085 1289 1248 1318 allocutum
1265 1298 1332 1317 esse
1347 1287 1439 1322 cives,
1455 1287 1535 1325 quod
1548 1286 1668 1316 caeteris

237 1327 288 1363 sit,
305 1334 337 1358 ut
352 1329 454 1358 multis
476 1329 600 1359 ulterius
623 1340 710 1368 quam
731 1341 785 1370 par
803 1331 844 1360 sit
863 1341 934 1370 pro·
968 1331 1160 1367 Oratoribus,
1174 1330 1293 1359 sirecte
1306 1329 1437 1365 memini,
1451 1339 1574 1368 prorsus
1586 1328 1668 1358 inso-

206 1378 207 1381 ’
237 1380 362 1408 gressus
375 1373 510 1411 essejam
525 1372 672 1402 videatur
683 1373 831 1403 Reiskius
844 1383 933 1411 porro
967 1373 1055 1404 litum
1077 1379 1142 1403 est:
1172 1377 1270 1402 tamen
1292 1372 1323 1401 in
1339 1371 1492 1402 Orationis
1514 1374 1668 1400 structura

235 1412 322 1452 φαίνοι
339 1415 458 1451 suadet,
468 1415 560 1454 idque
572 1416 610 1444 ad
623 1416 711 1445 deum
723 1416 824 1452 refert,
836 1417 931 1446 Thor-
965 1416 1072 1446 durum
1083 1415 1193 1455 aliquid
1206 1414 1380 1445 remanebit.
1411 1413 1508 1454 igitur
1519 1424 1578 1443 non
1588 1414 1667 1442 male

233 1455 328 1485 lacius
336 1456 846 1498 [ειΗείιιτίοῇἰυε]φαίνοιτοεᾶίἀὶῑ,
852 1459 930 1498 quod
966 1459 1124 1489 Sohnlzins
1140 1458 1338 1494 existimavit,
1360 1461 1432 1497 post
1453 1456 1555 1486 ἅπασι
1573 1455 1667 1495 parti·

233 1497 262 1527 si
282 1499 354 1537 quid
379 1499 407 1528 h.
424 1500 446 1530 l.
467 1502 635 1530 novandum
653 1506 712 1536 est,
732 1511 788 1540 ego
812 1512 930 1540 quoque
964 1502 1062 1531 culam
1077 1512 1144 1532 esse
1158 1501 1362 1550 repetendam.
1406 1499 1463 1529 Cui
1477 1499 1665 1529 solummodo

234 1541 436 1581 susceperim:
458 1543 625 1573 Scbaubius
639 1542 767 1583 φαίνεται
784 1543 930 1582 conjecit:

234 1593 342 1622 nempe
372 1585 522 1614 triumviri
550 1586 579 1614 in
605 1587 698 1615 verbo
724 1587 833 1625 plurali
861 1591 932 1626 post

234 1631 372 1656 neutrum
388 1627 503 1665 plurale
525 1629 625 1666 pomo
647 1629 805 1665 haerentes,
825 1628 855 1659 iu
871 1639 930 1668 quo

234 1677 292 1715 ego
323 1680 441 1709 quoque
469 1671 578 1701 haereo.
634 1670 778 1700 Attamen
808 1670 837 1700 in
866 1676 930 1701 arte

232 1710 437 1749 grammatica,
450 1713 500 1742 ubi
513 1713 580 1742 dies
590 1713 681 1743 hodie
692 1714 751 1743 diei
764 1719 930 1744 commenta

232 1753 327 1790 delet,
343 1755 542 1791 temerarium,
561 1766 597 1785 ne
619 1756 751 1794 graviori
769 1757 860 1786 etiam
876 1767 930 1787 no-

231 1796 311 1825 mine
339 1801 415 1832 utar,
441 1807 508 1827 eum
535 1798 664 1828 dixerim
694 1799 744 1838 qni
771 1800 929 1829 lectionem

230 1849 377 1869 consensu
394 1840 533 1870 codicum
554 1841 686 1879 plurium
705 1842 929 1880 eorundemque

228 1881 412 1920 optimorum
428 1882 539 1912 affatim
560 1884 774 1919 confirmatam,
790 1894 856 1922 quae
873 1884 930 1913 etsi

229 1934 297 1953 cum
314 1925 430 1964 vulgari
451 1925 597 1964 praecepti
617 1936 670 1954 usn
691 1931 815 1964 pugnet,
832 1932 928 1955 tamen

229 1967 268 1995 ab
292 1966 391 2006 aliqua
414 1972 498 2006 parte
519 1968 671 2003 excusari,
695 1969 740 1997 sin
758 1968 855 1997 minus
876 1969 929 1998 de-

230 2008 313 2038 fendi
330 2020 418 2048 posse
431 2009 579 2045 videatur,
591 2010 659 2039 loco
671 2011 846 2040 movendam
862 2021 929 2040 esse

230 2058 363 2081 censeat.
408 2053 508 2090 Quare
523 2053 594 2081 nihil
619 2052 668 2081 hic
691 2057 786 2087 muto,
809 2052 927 2082 interim

231 2103 334 2123 eorum
358 2095 444 2133 hujus
464 2104 536 2123 usus
554 2095 762 2132 exemplorum
779 2096 815 2124 ab
829 2095 928 2124 Hein-

231 2135 327 2165 dorfio
349 2137 386 2166 ad
403 2136 481 2166 Plat.
498 2137 612 2176 Cratyl.
628 2140 679 2167 88.
696 2149 726 2177 p.
745 2139 814 2168 136.
836 2138 927 2167 colla-

230 2181 328 2207 torum
339 2189 461 2209 numero
471 2179 676 2218 acquiescens»,
687 2190 753 2218 quae
765 2181 927 2210 videndum

231 2230 329 2251 annon
364 2222 469 2261 augeri
498 2222 587 2252 etiam
617 2222 744 2262 possint.
795 2224 926 2253 Osann.

230 2262 290 2292 Sed
308 2263 353 2293 his
368 2264 507 2294 omnibus
520 2275 577 2294 non
592 2270 640 2294 est
653 2275 740 2303 opus.
755 2266 926 2296 szcrm.

271 2305 434 2348 Εὐσέβειαν]
452 2307 532 2338 Male
543 2307 675 2340 ἀσέβειαν
687 2308 845 2337 Schulzius
856 2319 927 2337 con-

225 2348 313 2385 jecit,
329 2349 391 2388 qui,
407 2351 433 2379 si
449 2354 548 2379 orator
565 2350 626 2380 alio
643 2351 736 2380 verbo
752 2361 787 2380 ac
811 2350 927 2382 ἐπισκο-

227 2391 290 2419 πεῖν
305 2402 377 2421 usus
398 2398 489 2429 esset,
510 2393 639 2423 fortasse
653 2393 820 2425 audiendus
835 2399 926 2423 esset.

226 2434 356 2464 osium.

267 2474 470 2517 Ἐνεςγοῧντας]
494 2478 544 2508 Sic
565 2477 637 2508 Ald.
661 2482 692 2507 et
706 2478 925 2517 Steph.—Me-

226 2517 337 2549 lancth.
355 2521 530 2551 emendabat
545 2520 761 2561 εὐεργετοῦντας,
776 2521 856 2559 quod
871 2521 925 2550 de-

226 2561 322 2592 fendit
348 2569 379 2592 et
404 2563 518 2602 recepit
544 2563 714 2593 Schulzius.
763 2563 823 2592 Sed
850 2563 923 2593 illud

227 2604 322 2643 magis
337 2605 470 2644 placebit
485 2605 639 2645 sequentia
659 2611 770 2635 attente
787 2606 924 2635 conside-

227 2647 316 2676 ranti.
360 2649 406 2677 De
430 2649 585 2678 beneficiis
607 2648 770 2678 liberorum
787 2658 858 2687 erga
872 2658 925 2687 pa-

227 2694 327 2718 rentes
341 2690 406 2719 h.1.
427 2701 526 2720 sermo
547 2701 604 2720 non
623 2696 682 2727 est,
703 2692 756 2720 sed
772 2691 810 2720 de
825 2691 924 2720 studio

228 2733 259 2758 et
277 2730 423 2762 industria
438 2733 509 2763 vel'
502 2744 598 2772 ipsam
614 2734 707 2763 vitam
730 2733 877 2763 fortiter
869 2744 924 2762 im-

226 2773 358 2810 pendere
373 2785 427 2813 pro
441 2775 538 2805 salute
554 2782 721 2815 parentum.
749 2776 820 2806 Hoc
832 2776 925 2814 igitur

225 2813 316 2844 latius
331 2821 424 2853 patet.
447 2817 600 2849 Bizonen.
633 2821 678 2858 Eg
660 2819 792 2858 gregiam
808 2819 924 2848 Melan-

226 2856 343 2886 ctbouis
355 2859 592 2890 emendationem
602 2862 734 2901 vulgatae
750 2872 767 2891 a
783 2861 923 2891 Beckero

225 2899 779 2936 posthabitamessevaldedolendum.
790 2906 924 2935 OSANN.

227 2941 267 2970 Et
275 2941 480 2980 εὐεργετοῦντας
488 2952 662 2984 receperunt
670 2948 821 2984 Osannus,
831 2949 859 2978 Η
863 2958 923 2978 em

227 2983 340 3014 richius
354 2989 386 3014 et
400 2985 577 3025 Pinzgerus.

965 1545 1077 1584 triplex
1105 1544 1189 1574 vocis
1219 1543 1359 1592 repetitio
1389 1542 1508 1572 obstare
1535 1542 1666 1571 videtur.

963 1588 1010 1616 An
1033 1587 1127 1624 igitur
1149 1586 1287 1639 scripsit
1295 1586 1420 1615 Orator:
1456 1582 1524 1613 ἀλλ’
1547 1583 1664 1624 ἁρμόσει

964 1629 1032 1668 ὑμΙν
1045 1629 1158 1664 άωασί,
1173 1629 1220 1658 nai
1239 1639 1297 1662 Τθός
1314 1638 1447 1666 νεωτξξῦίς
1457 1626 1588 1661 ἄκουσαι,
1602 1637 1624 1656 1.
1636 1636 1664 1656 e·

963 1673 1103 1711 imprimis
1110 1672 1271 1709 juvenibus
1281 1672 1383 1700 nostris
1394 1669 1444 1698 hoc
1453 1669 1568 1707 pietatis
1575 1678 1663 1698 exem·

960 1715 1042 1753 plum
1054 1723 1221 1753 proponere,
1236 1713 1309 1742 utile
1323 1714 1389 1742 erit.
1412 1711 1564 1741 Bsscnm.

1004 1756 1053 1786 Ἐκ
1067 1768 1117 1790 της
1127 1755 1242 1795 Αἴτνης]
1267 1756 1364 1792 Quam
1376 1755 1536 1793 Lycurgus
1548 1753 1585 1782 de
1598 1752 1663 1791 pie-

961 1802 1023 1828 tate
1033 1798 1088 1827 filii
1099 1807 1171 1836 erga
1180 1804 1295 1837 patrem
1305 1797 1356 1826 hic
1367 1801 1485 1826 enarrat
1495 1795 1660 1831 historiam,

962 1840 1087 1870 eandem
1102 1841 1207 1879 plures
1222 1839 1386 1878 scriptores
1399 1837 1512 1877 antiqui
1527 1838 1661 1868 tradide—

961 1887 1044 1920 runt,
1051 1884 1102 1913 sed
1114 1882 1213 1913 cuncti
1224 1881 1362 1918 ita,utde
1371 1882 1488 1911 duobus
1500 1881 1662 1919 loquantur

962 1925 1041 1961 filiis,
1055 1936 1182 1965 quorum
1197 1926 1274 1955 alter
1294 1929 1422 1963 patrem,
1444 1924 1521 1953 alter
1534 1929 1659 1953 matrem

962 1969 999 1997 ab
1025 1968 1148 1998 interitu
1177 1967 1356 1998 servaverit.
1399 1967 1512 1996 Eorum
1541 1965 1660 1996 nomina

961 2015 1046 2040 erant
1061 2010 1280 2049 Amphinomus
1293 2014 1325 2040 et
1338 2008 1455 2047 Anapis
1470 2019 1495 2038 s.
1513 2008 1659 2047 Anapius,

961 2058 993 2082 ut
1023 2054 1140 2082 Seneca
1168 2053 1206 2082 de
1237 2051 1346 2082 Benef.
1375 2052 1439 2081 111.
1462 2053 1514 2081 37.
1542 2050 1661 2080 scribit.

961 2096 1047 2125 Inter
1073 2097 1198 2125 Graecos
1224 2095 1339 2133 primus
1362 2098 1410 2123 est
1433 2093 1614 2123 Aristoteles
1633 2103 1660 2122 s.

961 2138 1096 2177 quisquis
1118 2142 1165 2167 est
1187 2143 1291 2167 auctor
1310 2136 1378 2166 libri
1395 2136 1433 2165 de
1449 2136 1564 2165 Mundo
1583 2146 1610 2165 c.
1628 2139 1659 2166 6.

961 2182 1025 2215 23„
1038 2186 1098 2210 tum
1109 2180 1218 2209 Strabo
1228 2179 1283 2209 vl.
1293 2190 1324 2218 p.
1337 2181 1411 2209 412.
1425 2177 1476 2214 B.,
1492 2178 1658 2207 Pausanias

961 2223 1087 2253 Phocic.
1104 2225 1155 2252 28.
1169 2226 1212 2257 2.,
1229 2222 1431 2252 Philostratus
1446 2222 1484 2250 V.
1500 2220 1603 2258 Apoll.
1617 2221 1657 2249 V.

961 2268 1025 2300 17„
1048 2267 1175 2295 Nonnus
1199 2265 1325 2304 exegesi
1348 2264 1378 2294 in
1407 2264 1499 2302 Greg.
1522 2264 1602 2294 Naz.
1625 2273 1656 2302 p.

961 2309 1032 2338 143.
1049 2315 1079 2338 et
1090 2309 1229 2338 Stohaeus
1242 2308 1339 2337 Serm.
1356 2306 1529 2336 LXXVII.
1542 2316 1574 2345 p.
1585 2308 1658 2336 414.

960 2351 1138 2381 Postremus
1162 2351 1238 2380 hanc
1264 2349 1452 2389 eruptionem
1477 2348 1577 2379 AEtnae
1607 2348 1657 2377 Ol.

960 2397 1011 2424 81.
1024 2394 1131 2423 factam
1146 2404 1214 2423 esse
1226 2396 1377 2428 memorat,
1389 2393 1577 2430 juvenesque
1588 2390 1658 2420 illos

960 2436 1170 2466 Philonomum
1181 2441 1212 2465 et
1223 2436 1361 2470 Calliam,
1373 2435 1544 2469 Catanaeos,
1557 2438 1657 2464 vocat.

960 2479 986 2508 Ε
1004 2479 1117 2508 Latinis
1139 2489 1211 2508 vero
1231 2477 1430 2517 scriptoribus
1450 2480 1588 2506 enarrant
1612 2475 1657 2505 hi-

959 2521 1081 2551 storiam
1103 2521 1204 2551 Valer.
1223 2521 1350 2550 Maxim.
1375 2520 1411 2550 V.
1432 2521 1461 2549 4.
1483 2523 1602 2548 extern.
1625 2520 1657 2548 4.

958 2564 1117 2593 claudian.
1131 2564 1222 2603 ldyn.
1240 2564 1316 2592 VII.
1331 2562 1427 2602 (quod
1445 2561 1655 2591 suavissimum

958 2616 1077 2636 carmen
1100 2606 1253 2645 eleganter
1276 2615 1369 2645 germ.
1393 2605 1483 2634 vertit
1503 2605 1534 2635 J.
1556 2603 1598 2633 H.
1618 2603 1656 2632 F-

959 2649 1148 2679 Meinecke
1141 2660 1170 2679 ιη
1192 2649 1240 2678 ed.
1257 2648 1369 2678 Lucilii
1385 2647 1502 2678 Junior.
1521 2657 1552 2684 p.
1570 2644 1658 2683 100.)

957 2691 1088 2730 itemque
1099 2691 1196 2721 Lucil.
1210 2691 1357 2722 sanim-5.
1385 2689 1507 2720 Cornel.
1523 2690 1655 2718 Severus

958 2734 987 2763 in
1010 2735 1101 2764 AEtna
1123 2745 1154 2764 v.
1175 2735 1356 2765 600—642.
1407 2732 1528 2768 Quibus
1550 2730 1653 2766 collig.

958 2777 1053 2806 Solin.
1068 2788 1095 2807 c.
1111 2778 1142 2807 5.
1157 2781 1188 2806 et
1203 2776 1328 2806 Salmas.
1345 2785 1447 2805 exerc.
1472 2785 1501 2813 p.
1519 2775 1590 2803 100.
1612 2771 1653 2800 D.

958 2819 1020 2849 His
1046 2828 1132 2849 vero
1146 2819 1225 2849 inter
1251 2828 1285 2848 se
1312 2817 1493 2857 comparatis
1520 2820 1654 2844 veterum

958 2861 1081 2900 seriptis
1105 2860 1236 2901 Lycurgi
1259 2860 1401 2895 narratio,
1425 2859 1475 2897 qui
1499 2855 1652 2886 historiam

958 2905 995 2934 ad
1011 2905 1098 2934 finem
1113 2905 1266 2935 Orationis
1281 2902 1440 2949 paululum
1450 2897 1654 2929 immutavisse

958 2947 1090 2983 videtur,
1114 2947 1271 2978 commode
1292 2942 1509 2991 explicabitur.
1548 2941 1654 2970 Inna.

957 2992 1094 3020 Osannus
1110 2996 1139 3020 et
1156 2989 1337 3029 Pinzgerus.
1361 2986 1391 3016 ἐκ
1406 2986 1458 3023 γὰς
1474 2985 1522 3016 τῆς
1538 2982 1602 3012 Αἴτ·

958 3034 977 3062 3
997 3043 1012 3062 ι,
