1981 3255
712 203 1064 248 LYCURGEAE.
1530 205 1611 247 507

176 321 321 362 συλλέγιιν
340 320 476 362 φρύγανα.
488 322 561 355 196,
581 322 612 350 2.
634 320 684 350 τὴν
701 321 782 358 μετὰ
796 324 874 349 ωολ-

217 366 272 396 λῶν
286 363 371 396 πόνων
388 361 595 402 συνειλεγμένην
610 361 744 392 εὔκλειαν.
759 363 833 397 194,
845 363 875 391 8

176 405 402 448 συμβάλλεσθαι
416 404 487 436 οὐδὲν
505 405 544 439 εἷς
563 406 611 436 τῆν
625 415 676 439 της
690 404 804 437 πόλεως
818 415 875 433 σω-

214 419 322 489 τηρίαν.
341 450 379 478 17
382 450 412 483 2
427 450 457 477 1.
480 448 494 478 ἦ
509 448 587 489 χώρα
600 448 641 477 τὸ
656 445 746 486 δένδρα
761 445 875 476 συνεζά·

218 497 286 522 λετο
305 491 343 524 εἷς
355 507 399 514 —-
416 491 492 529 172,
506 493 538 521 4.
559 489 744 530 συμβάλλειν
763 490 815 518 τινὶ
830 488 875 518 λό-

217 544 272 572 γον.
296 533 524 563 excusationem
550 532 643 562 alicui
669 533 874 571 suppeditare,

217 575 437 606 administrare.
463 578 538 611 180,
565 578 596 607 3.
634 574 816 613 συμβάλλειν
842 573 876 604 τὸ

216 618 373 648 κάλλιστον
392 620 446 647 τῶν
468 617 548 658 ἐ’ργων
570 617 637 657 πρὸς
652 616 685 646 τᾶ
709 617 873 658 αἴσχιστον.

217 661 364 695 conferre,
379 671 563 699 comparare.
580 661 653 695 185,
666 662 696 689 8.
713 659 876 699 συμβαλεῖν

216 705 260 733 τῶ
273 702 470 743 στρατοπέδω.
487 706 561 738 202,
577 705 609 733 7.

174 744 493 785 συμπαρατάττεσθαι.
506 749 580 781 238,
596 750 626 776 1.

175 787 347 827 συμπείθειν
367 789 431 821 τοὺς
452 789 613 828 ἀνθρώπους
628 789 710 827 μετιὶ
731 787 812 826 λόγου
826 787 874 817 και

217 831 393 870 ἀποδείξεως.
408 833 482 867 209,
493 842 564 870 pen.

175 872 355 912 συμπενθεῖν,
369 874 474 911 lugere
494 884 552 903 una
572 884 639 904 curn
658 874 784 912 reliquis
799 873 875 903 civi-

217 917 285 951 bus,
307 918 362 950 τιὶς
386 918 437 949 τῆς
460 916 590 956 πατρίδος
616 917 773 956 συμφοράς.
801 919 874 950 171,

216 968 288 997 pen.

173 1000 336 1041 συμφέρειν.
353 1008 540 1040 comportare
562 1004 711 1033 cadavera
725 1011 873 1031 caesorum

217 1043 245 1072 in
262 1045 388 1083 praeliis.
403 1047 477 1080 173,
495 1049 524 1075 1.

173 1086 356 1125 συμφεύγειν.
377 1089 447 1122 155,
465 1091 515 1119 12.

173 1132 324 1168 συμφορὰς
336 1131 392 1163 τὰς
407 1132 456 1163 τῆς
468 1129 600 1171 πατρίδος
610 1128 790 1169 συμπενθεῖν.
803 1131 874 1164 171,

216 1171 271 1200 ult.

173 1212 350 1253 συναθροίζειν
365 1214 452 1253 δόξαν.
466 1218 541 1250 216,
555 1218 586 1245 4.

171 1258 348 1296 συναναιρεῖν.
365 1260 439 1292 180,
454 1259 509 1288 ult.

172 1299 425 1336 συναπολογεῖσθαι
440 1299 555 1339 μισθοῦ.
569 1301 643 1335 232,
659 1302 689 1329 4.

171 1343 350 1382 συνατυχεῖν.
368 1344 486 1376 229,1.
510 1369 514 1371 .

172 1384 439 1423 συνδιαφυλάττειν.
455 1387 530 1420 236,
543 1385 598 1414 ult.

171 1425 300 1466 συνέδριον
315 1439 348 1456 το
363 1425 389 1456 ἒν
404 1426 494 1466 Ἀρείῳ
510 1429 605 1466 πάγῳ.
622 1428 695 1461 144,
712 1428 743 1454 7.

171 1468 366 1509 συνεθίζεσθαι
389 1472 457 1503 ταῖς
481 1469 593 1511 ψυχαῖς
613 1469 657 1508 τῷ
679 1470 727 1498 τὴν
750 1465 872 1507 πατρίδα

214 1513 311 1551 φιλεῖν.
326 1514 401 1548 203,
416 1515 446 1543 3-

171 1555 338 1594 συνευπορεῖν
352 1553 384 1584 ἐκ.
395 1557 450 1584 τῶν
463 1553 533 1585 ἰδίων
542 1553 608 1594 προς
622 1554 670 1583 τὴν
685 1554 768 1583 κοινῆν
779 1564 872 1583 σωτη-

214 1595 279 1636 ρίαν.
297 1599 372 1632 233,
387 1600 417 1627 8·

171 1637 282 1690 συνέχει
297 1638 325 1667 οὗ
339 1640 418 1669 κατα
433 1638 531 1678 μικρόν
544 1651 574 1668 τι
589 1637 682 1678 μέρος.
696 1639 771 1672 140,
786 1639 816 1666 6.
840 1649 873 1667 το

213 1692 246 1710 ’ΐο
270 1692 384 1722 cvvfixov
405 1693 453 1711 Την
478 1680 664 1721 δημοκρατίαν
687 1690 766 1709 Εστίν
789 1691 872 1719 Οξκθς.

215 1726 288 1759 191,
307 1726 338 1754 8.

169 1765 320 1806 συνήγορος.
336 1770 408 1802 180,
423 1770 454 1798 3.

170 1808 360 1850 συνθάπτειν]
383 1811 524 1849 συνετάφη
541 1811 600 1844 τοῖς
615 1809 721 1840 τούτων
738 1809 872 1848 σώμασιν

213 1852 228 1882 ἧ
243 1851 368 1893 ἐλευθερ’
358 1864 398 1882 ια.
414 1855 489 1889 176,
505 1855 536 1882 2.

169 1892 312 1929 συνθήκας
333 1895 481 1927 ποιεισθαι.
503 1895 628 1936 pacisci.
652 1897 725 1930 153,
742 1897 771 1926 9.
796 1896 870 1930 187,

212 1947 283 1976 pen.

171 1978 334 2010 συνιέναιᾶε
345 1981 553 2011 senatoribus
545 1992 575 2010 in
586 1990 670 2011 eurla
677 1979 869 2010 coeuntibus.

213 2024 287 2056 224,
304 2025 335 2054 6.

169 2063 334 2104 συνοικίζειν.
350 2067 425 2100 182,
440 2069 492 2096 10.

173 2105 301 2140 σύνοικος.
319 2110 391 2143 238,
408 2112 459 2139 14.

172 2149 347 2189 συνομνύναι.
364 2152 438 2188 224,
455 2151 511 2181 ult.

174 2191 356 2231 συντάττειν]
380 2194 429 2223 τῆν
449 2194 510 2233 περὶ
533 2204 598 2227 τους
616 2190 686 2226 νέους
705 2190 872 2230 ἐπιμέλειαν

215 2235 410 2274 συνετάξαντο.
422 2238 497 2270 211,
514 2238 564 2266 18.

175 2276 324 2315 συντομία.
344 2278 477 2308 brevitas
493 2278 645 2308 dictionis.
660 2266 735 2313 209,
750 2280 801 2308 14.

173 2318 335 2361 συντρέχειν
348 2320 386 2354 εἶς
399 2321 447 2351 τῆν
460 2319 705 2356 ἒκιιλησίαν.147,
721 2321 772 2349 16.

171 2363 421 2402 συσκευασάμενος
435 2362 454 2392 ἃ
466 2363 539 2404 εἶχε.
554 2363 727 2394 convasatis
742 2363 871 2392 fortunis

216 2406 366 2435 omnibus.
384 2408 457 2441 147,
473 2408 528 2436 uit.

173 2447 296 2488 σχῧμα]
319 2458 402 2478 mera
417 2449 522 2479 umbra
541 2448 684 2485 hominis,
699 2458 758 2479 nou
769 2448 871 2477 homo.

213 2491 364 2530 σχήματα
399 2489 427 2520 ἐν
460 2490 540 2522 πόλει
579 2491 676 2525 ἄλλοις
711 2490 870 2530 πεφυκότα.

172 2575 276 2626 σῶμα]
309 2576 357 2606 οὖιι
381 2575 482 2610 ἔλαβον
506 2589 540 2606 το
568 2588 657 2616 σωμα
686 2588 737 2611 της
763 2575 871 2611 ἀδικίας

213 2615 320 2658 δ’μηρον.
343 2621 417 2657 219,
437 2620 492 2649 ult.
515 2620 542 2649 οὐ
567 2618 702 2659 παρέχειν
723 2617 756 2647 τὸ
781 2621 869 2657 σῶμα

214 2660 302 2699 τάξαι
329 2673 388 2695 τοις
413 2663 593 2702 στρατηγοῖς.
625 2664 696 2697 171,
728 2664 757 2691 9.
795 2663 868 2695 172,

213 2712 283 2753 pen.
306 2706 379 2739 179,
392 2706 423 2735 7.
448 2707 522 2740 190,
539 2709 566 2734 1.
589 2706 637 2735 τῆν
650 2685 805 2743 ἐλευθερίαν
816 2706 870 2734 τῶν

214 2743 349 2776 Ἐλληνων
370 2746 396 2776 ἐν
417 2748 476 2780 τοῖς
499 2747 603 2777 ἑαυτῶν
624 2748 758 2785 σωμασιν
778 2748 791 2776 ἦ
814 2750 868 2775 τῶν

213 2786 307 2817 ἄλλων
317 2787 449 2820 Ἐλλήνων
461 2789 607 2830 ἐλευθερία.
622 2793 696 2826 176,
712 2793 742 2820 2.

171 2828 291 2868 σώτειρα
305 2831 452 2862 Minerva.
465 2835 539 2868 148,
550 2843 619 2872 pen.
642 2835 716 2868 231,
728 2837 865 2871 antepen.

172 2872 266 2909 σωτὴρ
281 2872 405 2911 Jupiter
419 2875 542 2904 ibidem.

171 2912 312 2954 σωτηρία]
328 2916 376 2945 τὴν
391 2915 525 2956 σωτηρίαν
535 2916 567 2946 ἐκ.
580 2918 629 2948 τοῦ
642 2918 770 2958 πολέμου
783 2918 866 2948 υπεύ-

213 2953 284 2984 θυνον
305 2956 440 3005 κινδύνῳ’
430 2957 576 2989 sveine-av.
599 2963 674 2997 228,
694 2965 722 2991 1.
746 2971 776 2991 v.
793 2961 867 2990 infra

214 2997 296 3027 sub
286 2997 363 3040 υπέρ.

1240 342 1275 365 Τ.

910 399 990 440 τάξιν
1013 402 1056 441 μὴ
1081 399 1192 431 λείπειν.
1215 404 1290 437 151,
1310 412 1380 441 pen.
1403 405 1476 438 189,
1496 405 1528 433 6.
1549 413 1608 443 pro

956 442 1085 482 διάταξις
1094 442 1163 473 vel’
1154 442 1327 483 εωίταγμα,
1335 445 1523 481 constitutio,
1531 456 1606 485 prae-

952 487 1067 538 ceptio,
1082 488 1293 526 praescriptum
1308 488 1420 525 legum·
1436 490 1508 521 138,
1524 490 1554 518 8.

909 530 1026 559 τάττειν
1040 529 1076 562 εἷς
1089 531 1143 562 τας
1157 529 1299 568 φυλακάς.
1311 531 1382 564 147,
1397 532 1447 560 19.
1468 532 1542 566 171,
1555 533 1606 560 10.

954 574 1026 607 172,
1042 581 1113 610 pen.
1137 574 1211 608 179,
1233 573 1264 602 7.
1291 572 1407 600 τάττειν
1431 571 1544 602 θάνατον
1565 572 1611 611 τῷ

952 613 1091 652 κλέψαντι
1124 613 1235 655 ζημίαν.
1263 615 1395 649 edicere,
1424 615 1607 646 denuntiare.

955 659 1026 692 183,
1043 660 1071 688 8.
1095 656 1215 688 ἔλαττον
1230 656 1374 696 ἐπιτίμιον
1386 658 1516 686 τάττειν.
1533 660 1606 692 183,

953 703 984 730 9.
1021 699 1141 740 ὑστέρας
1163 704 1193 729 et
1215 700 1350 740 προτέρας
1372 700 1525 740 τετάχὲεαι
1553 702 1609 733 τὰς

952 742 1100 783 τιμωρίας.
1118 744 1238 778 225,1.

909 786 1022 827 τειχος]
1041 786 1087 816 οὐκ.
1107 784 1154 815 ἐπὶ
1174 797 1233 819 τοις
1254 784 1378 826 τείχεσιν
1401 784 1475 826 εχειν
1495 796 1548 819 τας
1563 783 1608 813 ἔλ-

952 827 1037 862 πίδας
1054 840 1104 861 της
1122 828 1268 868 σωτηρίας.
1287 831 1358 863 174,
1375 832 1404 859 8.
1433 828 1455 857 εἰ
1472 826 1555 867 τείχη
1571 839 1605 857 τη

951 870 1063 910 πατρίδι
1079 870 1283 910 περιέΒαλενἉ)
1267 873 1338 905 33,
1355 873 1387 900 7.
1406 872 1446 900 τὰ
1460 869 1543 911 τείχη
1556 872 1607 903 ‘ric

951 913 1058 947 πόλεως
1072 914 1195 943 amhn.
1212 915 1396 953 suppIicare.
1411 915 1484 948 242,
1506 919 1533 942 1.

908 955 1004 985 τελεία
1019 957 1118 996 Γοργώ.
1134 960 1207 991 208,
1225 961 1255 986 1.

909 997 1038 1039 τέμενος]
1056 1001 1120 1033 τοὺς
1135 1001 1196 1033 νεὼς
1211 1000 1257 1028 καὶ
1274 1001 1314 1029 τὰ
1329 998 1432 1038 τεμένη
1448 998 1495 1027 καὶ
1511 1000 1550 1028 τοὶ
1562 997 1607 1028 ἕδη

951 1044 1007 1071 τῶν
1034 1041 1106 1072 θεῶν.
1131 1044 1204 1077 237,
1231 1044 1260 1072 2.
1300 1042 1401 1080 τεμένη
1431 1040 1606 1079 τέμνεσθαι.

952 1087 1025 1120 239,
1043 1087 1093 1114 17.

909 1126 1034 1168 τέμνειν]
1060 1126 1213 1167 τέμνεσθαι
1233 1125 1348 1166 τεμένη,
1368 1128 1452 1156 lusus
1474 1127 1606 1156 vocabu-

951 1170 1059 1200 lorum.
1075 1173 1149 1205 239,
1167 1173 1217 1199 17.

909 1211 1044 1243 τίθεσθαι
1066 1214 1144 1253 παρά
1171 1224 1235 1242 τινι.
1258 1212 1416 1251 pecuniam
1443 1213 1480 1241 ab
1507 1212 1607 1250 aliquo

950 1256 1096 1285 creditam
1131 1266 1262 1289 sumere,
1291 1256 1434 1293 opposito
1468 1254 1610 1293 pignore.

951 1300 1024 1333 153,
1047 1309 1116 1336 pen.
1147 1296 1274 1326 τίθεσθαι
1294 1298 1376 1338 χάριν
1398 1296 1460 1327 τινί.
1481 1298 1607 1335 gratiam

948 1350 1043 1378 penes
1059 1341 1189 1379 aliquem
1206 1341 1292 1369 inire.
1308 1343 1382 1375 2⁴0,
1398 1344 1429 1370 7.

907 1381 1026 1423 τίκτειν]
1052 1393 1223 1422 procreare,
1250 1383 1288 1411 de
1312 1389 1408 1421 patre,
1433 1388 1463 1412 et
1489 1393 1608 1421 parere,

949 1427 987 1454 de
1015 1430 1118 1456 matre.
1144 1425 1220 1454 τοῦδ’
1241 1424 1319 1454 ἕκητι
1340 1423 1433 1455 ’τέκνα
1461 1423 1609 1464 τίκτομεν.

949 1470 1022 1504 205,
1038 1471 1071 1498 4.

905 1511 1014 1552 τιμᾷἶν]
1033 1512 1194 1550 τιμήσεται
1205 1521 1260 1550 pro
1269 1510 1482 1550 τιμηθῆσεται.
1492 1512 1554 1540 208
1561 1533 1568 1545 ,
1576 1514 1607 1541 4.

905 1554 992 1594 τιμὴ]
1015 1557 1107 1593 τιμῶν
1122 1553 1231 1583 ἰσοθέων
1246 1554 1408 1594 τυγχάνειν.
1426 1555 1498 1588 197,
1514 1558 1546 1583 2.

906 1595 1045 1636 τιμωρία]
1068 1599 1116 1627 τῆν
1140 1597 1217 1624 κατὰ
1241 1598 1296 1624 τῶν
1318 1595 1497 1634 προδιδόντων
1523 1595 1607 1634 [scii.

947 1638 1125 1679 τεταγμένην
1143 1637 1174 1667 ἐκ.
1194 1641 1248 1667 τῶν
1268 1638 1368 1678 νόμων]
1385 1638 1519 1677 τιμωρίαν
1534 1637 1607 1676 ἐξαί-

947 1691 1021 1720 ρετον
1049 1682 1131 1722 χάριν
1159 1681 1327 1719 λαμβάνειν.
1357 1683 1519 1719 impetrare
1552 1691 1607 1719 per

949 1724 1112 1762 specialem
1135 1724 1271 1762 gratiam,
1287 1729 1320 1752 ut
1335 1734 1427 1762 poena
1441 1723 1608 1763 proditori-

949 1767 1004 1796 bus
1021 1767 1136 1806 scripta
1152 1767 1334 1796 remittatur.
1350 1769 1423 1802 233,
1443 1769 1493 1796 14.

904 1809 1001 1850 τόκος]
1026 1810 1135 1839 foenus.
1159 1808 1228 1848 μίαν
1256 1811 1328 1848 μνᾶν
1357 1809 1438 1839 τόκου
1462 1808 1539 1848 ἔφερε
1568 1809 1611 1847 ve?

946 1852 1086 1892 Ἀμύντα.
1106 1854 1177 1887 153,
1194 1853 1250 1881 ult.

901 1894 1011 1934 τρέπειν
1022 1895 1059 1929 εἷς
1070 1896 1118 1925 τῆν
1131 1895 1214 1936 χείρω
1228 1895 1348 1934 γνώμην.
1364 1896 1437 1928 198,
1456 1897 1505 1924 10.

902 1938 1010 1976 τρίαινα
1023 1937 1150 1978 Γοργόνος.
1168 1940 1243 1972 208,
1255 1940 1283 1966 2.

904 1983 1020 2019 τροφεῖα
1036 1980 1198 2010 ἀποδιδόναι.
1216 1982 1287 2015 177,
1301 1982 1352 2010 16.

903 2024 1054 2064 τυγχάνειν
1069 2026 1123 2052 τῶν
1142 2022 1238 2061 νόμων.
1261 2025 1333 2058 198,
1350 2033 1418 2060 pen.
1439 2025 1509 2058 199,
1523 2026 1553 2052 2.
1570 2023 1611 2052 si-

948 2067 1080 2104 guificat,
1092 2067 1142 2095 ubi
1157 2067 1195 2094 de
1205 2065 1372 2094 criminosis
1388 2065 1497 2104 agitur,
1507 2076 1614 2104 poenas

948 2109 1071 2138 meritas
1086 2109 1168 2138 dare.
1178 2108 1250 2137 aiibi
1262 2113 1386 2146 usurpat
1398 2109 1548 2149 τυγχάνειν
1562 2110 1612 2141 τῆς

948 2149 980 2179 ἐκ.
999 2154 1055 2180 τῶν
1075 2152 1162 2189 νόμων
1187 2150 1331 2190 τιμωρίας.
1352 2152 1424 2186 162,
1447 2155 1498 2180 11.
1517 2152 1538 2180 οἱ
1561 2163 1611 2180 τυ-

948 2192 1046 2233 χόντες
1063 2194 1153 2233 φόβοι.
1169 2194 1344 2223 discrimina
1363 2193 1490 2229 leviora,
1508 2201 1611 2223 conte-

948 2238 1088 2266 mnenda.
1108 2238 1242 2272 164,13.
1256 2236 1424 2275 μεταβολῆς
1443 2237 1542 2276 τυχεῖν
1563 2235 1612 2266 ἐπὶ

948 2279 981 2308 τὸ
992 2279 1115 2311 Βέλτιον.
1132 2282 1204 2313 180,
1224 2280 1274 2308 15.
1290 2278 1404 2308 ἶσοθέοον
1415 2282 1518 2316 τιμῶν.
1536 2281 1611 2314 197,

949 2324 979 2352 2.
990 2322 1105 2356 ἀκλεοῦς
1116 2322 1163 2351 καὶ
1171 2320 1268 2359 ἀδόξου
1279 2321 1412 2351 θανάτου.
1427 2324 1500 2357 197,
1509 2327 1609 2360 antep.

946 2365 1073 2405 χάριτος.
1089 2367 1162 2400 231,
1177 2367 1207 2395 2.

905 2407 1016 2447 τύμβον
1029 2407 1108 2438 κοινὸν
1123 2407 1234 2447 ἔλαχον.
1250 2408 1325 2442 206,
1342 2406 1397 2436 ult.

1237 2515 1274 2539 Ύ.

902 2576 1018 2617 ὑγρότης
1031 2578 1081 2607 τοῦ
1095 2577 1187 2610 ἤθους.
1202 2580 1277 2613 162,
1294 2579 1323 2607 2.

904 2619 969 2658 ὕδωρ
985 2619 1032 2649 καὶ
1047 2622 1095 2657 γῆν
1108 2621 1207 2650 αἰτεῖν.
1224 2622 1298 2655 186,
1313 2622 1343 2650 6.

903 2662 1132 2702 υπεκτίθεσθαι]
1161 2672 1178 2691 e
1205 2663 1339 2701 periculo
1369 2664 1548 2692 submovere
1577 2668 1609 2691 et

946 2709 1011 2734 tuto
1033 2706 1061 2734 in
1083 2705 1150 2734 loco
1170 2705 1333 2744 deponere.
1353 2705 1386 2734 τὸ
1403 2705 1501 2734 ἑαυτοῦ
1517 2706 1606 2742 σῶμα

944 2748 992 2776 καὶ
1007 2748 1046 2776 τιὶ
1060 2748 1210 2788 χρηματα.
1230 2748 1259 2776 in
1277 2749 1370 2786 pedes
1389 2757 1422 2776 se
1442 2748 1526 2780 dare,
1545 2757 1604 2785 quo

944 2790 1050 2828 procul
1075 2791 1156 2820 absis
1176 2800 1194 2819 a
1219 2791 1366 2830 pericula
1396 2791 1466 2825 155,
1489 2792 1519 2819 6.
1542 2789 1606 2821 τοὺς

943 2834 1010 2866 υἱεῖς
1026 2832 1074 2862 καὶ
1088 2832 1129 2862 τοὶ
1142 2832 1236 2862 τέκνα.
1253 2835 1327 2862 clam
1345 2842 1383 2861 ex
1402 2833 1475 2860 urbe
1491 2831 1604 2860 subdu-

943 2886 1024 2910 cere,
1040 2876 1153 2912 etalio,
1166 2876 1269 2905 velut
1262 2886 1291 2904 ιιι
1310 2873 1530 2911 rebeptaculum
1546 2873 1601 2901 aii-

943 2920 1023 2957 quod
1040 2919 1134 2948 tutius
1150 2918 1471 2966 deportare.177,13.

902 2961 969 3000 ὑπὲρ
988 2961 1171 3000 ἀδικημάτων
1184 2958 1314 3000 τιμωρία.
1334 2961 1403 2991 141,
1419 2962 1448 2989 8.
1465 2956 1533 2996 νπὲρ
1549 2969 1600 2991 της,-

944 3001 1075 3045 πατρίδος
1094 3002 1297 3042 ἀνυπέρβλητον
1310 3001 1405 3030 εὔνοιαν
1420 2999 1502 3039 ἔχειν.
1524 3002 1598 3035 209,
