1981 3255
696 173 1087 216 FRAGMENTA.
1529 176 1610 219 433

169 288 337 340 Etymol.
357 290 415 327 M.
437 300 470 325 v.
500 287 682 336 ἐμποδὼν,
704 289 885 339 Apostol.
909 289 1020 326 Prov.
1038 286 1150 325 VIII.
1170 291 1234 324 20.
1268 294 1307 326 et
1326 289 1434 328 Theo
1463 291 1608 343 Progy-

167 363 328 388 mnasm.
344 363 379 388 c.
398 354 436 388 6.
451 348 743 395 -Secundam‚
759 350 949 402 Harpocr.
965 356 1002 388 et
1022 349 1131 388 Suid.
1145 362 1229 388 voc.
1247 350 1424 399 Ὀρκάνη,
1445 353 1549 403 quod
1572 355 1608 391 hi

167 411 361 461 explicant
378 415 615 463 περίφραγμα
630 413 689 448 καὶ
704 413 725 456 ἡ
745 412 920 461 αἱμασιὰ,
938 411 1109 462 Hesych.
1130 417 1257 449 autem
1276 413 1408 462 εἱρκτὴ,
1425 413 1608 464 δεσμωτή-

167 488 258 522 ριον,
276 472 364 511 ἔνιοι
379 471 601 524 κρεμάθραν,
621 474 733 510 ἄλλοι
756 474 966 525 σαργάνην,
982 474 1015 512 οἱ
1035 472 1071 511 δὲ
1091 475 1276 525 φραγμόν.

854 574 917 612 ΙΒ.

616 658 765 696 ΚΑΤΑ
792 659 1158 698 ΛΥΣΙΚΛΕΟΥΣ.

220 733 390 772 Diodor.·
407 733 486 772 Sic.
509 735 618 773 XVI.
645 739 709 774 88.
739 735 790 775 Οἱ
808 736 1005 784 Ἀθηναῖοι
1035 741 1130 789 μετοὶ
1160 740 1226 783 τὴν
1248 737 1361 783 ἧτταν
1384 738 1615 783 Λυσικλέους

167 797 238 847 μὲν
259 801 321 833 τοῦ
344 801 552 847 στρατηγοῦ
579 796 746 835 θάνατον
766 800 1020 848 κατέγνωσαν,
1039 799 1263 849 Λυκούργου
1288 800 1358 849 μὲν
1384 804 1445 837 τοῦ
1464 800 1616 851 ῥήτορος

169 862 504 907 κατηγορήσαντος.
547 859 605 896 Ex
640 859 714 897 hoc
744 860 831 897 loco
864 867 903 898 et
935 861 1129 898 Plutarchi
1149 861 1196 898 V.
1218 860 1311 911 Lyc.
1339 873 1378 911 p.
1398 864 1489 899 843.
1513 862 1557 899 C.
1579 869 1617 900 et

168 927 372 958 accusatus
408 927 446 958 et
468 934 584 958 causa
609 922 693 972 ejus
724 923 816 959 satis
844 930 1035 961 constant.
1092 924 1296 961 Certamen
1317 930 1444 961 actum
1473 931 1528 962 est
1551 925 1615 962 Ol.

169 980 257 1018 CX.
279 987 315 1019 3.
338 982 395 1019 vel
416 982 501 1020 CX.
522 987 558 1019 4.
582 990 671 1032 post
683 995 852 1033 pugnam
869 984 1181 1022 Chaeronensem.
1213 985 1480 1034 Fragmentum
1501 985 1616 1034 hujus

170 1042 365 1081 Orationis
382 1044 720 1094 elegantissimum,
743 1046 848 1094 quod
878 1046 1110 1084 desiderium
1139 1047 1351 1097 deperditae
1375 1054 1518 1094 movet,
1538 1061 1617 1085 ser-

171 1103 274 1141 vavit
301 1104 468 1142 Diodor.
485 1104 514 1142 .l.
538 1118 573 1143 c.
598 1104 716 1150 idem,
746 1105 852 1156 quod
876 1118 993 1157 supra
1007 1107 1199 1158 Taylorus
1220 1107 1436 1157 Prolegom.
1464 1121 1503 1158 p.
1525 1112 1617 1146 363.

167 1164 289 1203 dedit.
320 1165 369 1203 Et
390 1165 532 1204 Suidas
554 1179 639 1205 voc.
660 1167 881 1218 Λυκοῦργος
902 1174 1088 1214 nostram,
1112 1168 1179 1206 sed
1203 1168 1301 1206 salso
1319 1172 1411 1220 πρὸς
1430 1169 1618 1208 Πασικλέ-

166 1242 228 1269 ους
250 1227 391 1265 laudat.
423 1229 568 1266 Contra
589 1229 825 1280 Harpocr.v.
844 1230 905 1267 ἐπὶ
924 1231 1046 1283 Δηλίῳ
1067 1231 1171 1283 μάχη
1194 1237 1232 1269 et
1246 1231 1467 1282 Λεμβάδεια
1488 1239 1618 1271 nostra

168 1286 418 1338 inscriptione
438 1288 571 1327 utitur.

854 1343 918 1380 ΙΓ.

329 1430 458 1468 ΠΕΡΙ
489 1431 781 1469 ΜΑΝΤΕΙΩΝ
809 1433 830 1477 ἢ
859 1432 1001 1472 ΠΡΟΣ
1030 1434 1130 1472 ΤΑΣ
1158 1433 1450 1475 ΜΑΝΤΕΙΑΣ.

220 1509 371 1548 Citatur
390 1523 412 1548 a
433 1509 550 1548 Suida
570 1511 617 1548 V.
638 1509 735 1549 Λυκ.
756 1516 795 1548 et
813 1515 949 1562 καυχᾷ.

860 1611 924 1649 m.

416 1701 543 1738 ΠΕΡΙ
574 1680 785 1739 ΙΕΡΕΙΑΣ
812 1702 834 1745 ἢ
863 1700 988 1738 ΠΕΡΙ
1018 1700 1120 1738 ΤΗΣ
1148 1700 1373 1739 ΙΕΡΕΙΑΣ.

219 1777 415 1817 Plutarch.
447 1780 510 1819 vit.
541 1781 632 1830 Lyc.
662 1793 699 1829 p.
729 1783 819 1817 843.
848 1792 882 1818 e.
927 1778 1007 1816 εἷπε
1036 1779 1072 1817 δὲ
1099 1782 1158 1817 καὶ
1184 1782 1264 1832 περὶ
1291 1782 1392 1829 ἱερῶν
1419 1782 1614 1824 πολλάκις.

164 1842 399 1880 constanter
436 1842 696 1891 Harpocratio
730 1840 1022 1890 inscriptionem
1059 1841 1129 1880 Or.
1160 1848 1303 1880 tuetur.
1351 1843 1450 1881 Sunt
1487 1851 1614 1881 autem

162 1903 290 1952 ἱέρειαι
310 1908 407 1939 teste
431 1903 530 1939 Poll.
549 1903 580 1940 Ι.
607 1908 639 1939 l.
656 1916 694 1951 p.
718 1905 783 1955 1¹:
804 1902 1037 1948 sacerdotes,
1051 1916 1138 1954 quae
1156 1903 1354 1954 Mysteriis
1373 1903 1546 1942 ade-rant.
1565 1928 1618 1933 -—

162 1963 219 2001 Ex
245 1975 289 2000 ea
315 1969 551 2000 occurrunt:
580 1963 770 2011 Ἀλόπη]
800 1962 878 2000 filia
901 1964 1128 2015 Cercyonis,
1154 1964 1276 2015 Harp.
1296 1988 1348 1994 -—
1366 1966 1616 2015 Διήλλαξε]

166 2025 238 2063 Le.
252 2023 478 2070 ἐτελεύτησε,
494 2024 554 2062 Id.
570 2023 837 2073 Ἐπίβοιον]
858 2024 981 2063 Idem.
1002 2026 1277 2076 Ἐπιμήνια]
1295 2030 1342 2064 τοὶ
1362 2026 1443 2064 καθ’
1463 2027 1619 2065 ἕκαστον

166 2092 268 2134 μῆνα
299 2084 477 2136 θυόμενα,
506 2085 625 2122 Idem.
659 2087 968 2124 Ἐπιτελεοῦν
1003 2093 1046 2123 et
1077 2088 1387 2137 ἑπιτελέωμα]
1424 2088 1617 2138 Harpocr.

168 2159 216 2183 ex
245 2146 356 2184 Orat.
394 2145 458 2184 ’έτι
489 2149 646 2183 τοίνυν
682 2146 867 2185 πάντων
902 2149 1078 2186 ὕστατα
1114 2153 1257 2185 ταῦτα
1293 2147 1507 2198 θυεσὲαι,
1546 2152 1618 2187 καὶ

167 2207 520 2258 ἐπιτελεὼματα
568 2205 694 2245 εἶναι
744 2215 830 2246 τῶν
878 2210 1038 2246 ἄλλων
1089 2208 1324 2260 θυμάτων.
1383 2211 1616 2262 Ἔσχᾶρα]

167 2269 358 2319 Harpocr.
384 2268 630 2317 ’τΕτεοβου
638 2270 763 2319 άδαι]
800 2271 920 2309 Idem.
963 2272 1147 2320 Μὴκων]
1178 2272 1302 2322 Harp.
1321 2286 1368 2310 ex
1386 2271 1490 2311 Orat.
1525 2273 1616 2311 Καὶ

166 2333 367 2378 Μὴκωνα
403 2333 481 2370 τὸν
517 2333 770 2382 γράψαντα
806 2333 885 2375 ἕως
921 2349 1026 2376 τους
1065 2333 1318 2384 τριάκοντα
1360 2339 1481 2384 μνᾶς
1519 2335 1608 2380 ἐζη-

163 2398 360 2444 μίωσαν.
421 2394 538 2440 Νίκη
566 2393 742 2443 Αθηνᾶ]
772 2394 879 2432 Suid.
917 2402 954 2432 et
988 2395 1177 2446 Harpocr.
1208 2408 1316 2432 voce.
1344 2395 1539 2434 Posterior
1567 2410 1612 2435 ex

165 2456 353 2493 Oratione
378 2455 509 2493 addit:
539 2456 609 2492 ὄτι
644 2455 793 2501 Νίκης
827 2455 1036 2502 Ἀθηνᾶς
1069 2457 1238 2502 ξὺανον
1273 2459 1468 2506 ἄπτερον
1501 2457 1612 2508 ἕχον

163 2515 211 2553 ἐν
238 2515 321 2566 μὲν
349 2519 398 2571 τῇ
429 2516 550 2565 δεξιᾷ
581 2516 728 2561 Ροὰν,
757 2517 804 2553 ἐν
833 2517 876 2554 δὲ
909 2521 959 2571 τῇ
989 2533 1202 2568 ευωνυμω
1234 2518 1429 2569 Κράτος,
1459 2519 1612 2569 ἐτιμᾶ-

164 2593 285 2614 το.--
324 2577 643 2628 Παράκλησις]
686 2578 805 2629 Harp.
840 2579 928 2616 hoc.
963 2578 1217 2628 fragmentum
1257 2579 1395 2625 habet;
1437 2583 1486 2617 Εἰ
1531 2580 1611 2630 μὲν

163 2639 270 2689 ’νπὲρ
307 2639 432 2677 ιΟίΟυ
466 2656 594 2683 Τίνος
640 2638 692 2684 ἦν
733 2641 752 2676 ὁ
787 2641 925 2687 t’l'ywlfi
963 2639 1153 2690 ἐδεόμην
1189 2641 1244 2678 ἂν
1272 2642 1397 2691 ’ὑμῶν
1425 2656 1504 2691 μετ
1546 2658 1609 2678 ευ·

165 2703 296 2742 νοίας
335 2703 535 2738 ἀκουσαί
564 2703 842 2751 μου-*νυνὶ
880 2701 923 2738 Eg
959 2717 1127 2744 αυΤΟῙ-Ις
1157 2703 1278 2775 ,υμᾶς
1314 2709 1444 2753 Olpai
1480 2707 1609 2739 Τοῦτο

164 2765 380 2805 ποιήσειν
408 2765 482 2800 καὶ
509 2765 651 2814 χωρὶς
682 2764 1017 2813 παρακλήσεως
1044 2769 1123 2807 τῆς
1151 2763 1262 2813 ἐμῆς
1282 2786 1344 2800 —.
1369 2762 1610 2813 Παρᾶκλησις

164 2823 324 2860 &vv-trev
342 2826 540 2874 προτροπὴ.
585 2824 838 2875 Πάρεδρος]
860 2823 981 2861 Idem.
1033 2823 1273 2872 Πέλανος]
1294 2823 1417 2860 Idem.
1463 2822 1611 2858 Πλυν-

164 2882 331 2932 τήρια.]
361 2876 481 2922 Idem.
520 2884 868 2934 Πολύγνωτος.]
886 2884 1005 2922 Idem.
1036 2884 1308 2935 Προτέλεια.
1339 2883 1446 2920 Suid.
1473 2894 1554 2919 voc.
1572 2888 1611 2918 et

165 2942 355 2993 Harpocr.
402 2944 581 2995 Σκῖρον]
604 2946 725 2984 Idem.
763 2946 1204 2996 Συσσημαίνεσὲαι]
1235 2944 1339 2983 Suid.
1363 2956 1445 2980 voc.
1500 2942 1612 2991 Τρα-
