1981 3255
328 138 765 184 ΔΙΟΝΥΣΙΟΥ
821 139 1440 185 ΑΛΙΚΑΡΝΑΣΕΩΣ.

1538 140 1610 195 29

162 255 338 325 Κριτίου
363 258 426 296 καὶ
452 257 543 309 περὶ
578 251 738 295 Ζωίλου
767 270 827 300 τις
863 252 914 295 ἂν
950 253 1073 295 εἰπεῖν
1105 252 1210 309 ἕχοι,
1244 253 1357 302 πλην
1393 256 1494 296 ὅσον
1526 261 1613 304 τοῖς

162 317 419 381 χαρακτῆρσι
438 317 510 359 τῆς
539 312 745 366 ἑρμηνείας
776 307 1091 352 διαλλάττουσιν
1124 309 1340 359 ἀλλήλων·
1375 312 1532 352 τούτων
1563 310 1613 360 δή

162 379 260 424 φημί
292 371 375 410 Τῶν
393 366 583 442 ἀνδρῶνυ
594 370 658 409 Καὶ
684 369 768 408 Τῶν
801 365 1104 422 παραπλησίων
1132 385 1292 415 ΤΟυΤΟίς
1313 366 1511 422 &aspepew
1532 368 1615 409 oui·

161 443 284 478 μενος
298 426 469 472 Λυσίαν,
483 428 545 466 καὶ
561 425 692 479 ὥςπερ
709 423 942 479 ἀρχέτυπον
956 424 1212 479 ὑπογράφων
1232 425 1442 495 ὑπερέχειν
1463 425 1615 465 ἐκεῖνον

161 482 235 523 τὸν
276 480 420 537 ἄνδρα,
458 483 605 529 ταύτης
645 486 718 528 τῆς
757 483 1029 535 προαιρέσεως
1067 483 1150 522 τῶν
1183 479 1328 552 λόγων
1365 480 1615 533 ἐποιησαμην

164 539 330 580 κανόνα.
358 539 431 579 τὸν
460 534 500 579 δὲ
534 535 582 586 δὴ
613 539 752 591 τρίτον
772 537 944 586 Ἰσαῖον,
974 537 1006 578 εἴ
1029 555 1092 585 τις
1122 537 1254 610 έροιτό
1278 555 1339 591 με,
1368 539 1483 585 τίνος
1504 536 1615 578 ἕνεκα

163 594 430 650 ποοσεθέμην,
460 594 614 636 Λυσίου
645 591 694 642 δὴ
728 592 918 642 ζηλωτὴν
949 594 1063 640 ὄντα,
1092 595 1240 643 ταύτην
1270 594 1321 635 ἂν
1356 593 1465 663 αὐτῷ

163 653 238 700 τὴν
260 654 402 699 αἰτίαν,
432 652 492 692 ὅτι
517 669 585 704 μοι
605 647 712 692 δοκεῖ
735 656 806 699 τῆς
828 652 1124 703 Δημοσθένους
1144 648 1433 700 δεινότητος,
1409 668 1459 698 ην
1480 649 1617 698 ουθείς

164 708 274 750 ἐστιν
305 709 354 756 ὃς
389 707 437 749 οὐ
469 707 724 756 τελειοτάτην
754 707 927 749 ἁπασῶν
961 706 1081 749 οἴεται
1110 706 1309 762 γενέσθαι,
1331 707 1381 748 τὰ
1412 707 1618 761 σπέρματα

165 768 229 806 καὶ
251 765 325 813 τὰς
356 764 493 820 ἀρχὰς
515 764 637 812 οὗτος
659 766 682 805 ὁ
703 762 807 819 ἀνὴρ
841 770 1087 819 παρασχεῖν.
1119 761 1185 806 διὰ
1214 768 1286 818 μὲν
1308 761 1357 812 δὴ
1376 764 1525 812 ταύτας
1542 763 1618 812 τὰς

165 823 296 869 αἰτίας
315 820 459 863 τούσδε
474 823 571 869 τοὺς
584 818 740 876 ἄνδρας
760 821 917 874 μόνους
936 819 1200 876 παρέλαβον.
1223 824 1254 863 εἰ
1275 819 1315 863 δὲ
1336 823 1427 876 περὶ
1448 821 1618 862 πάντων

165 876 310 926 ἠξίουν
330 879 516 933 γράφειν,
548 879 605 925 εἰς
635 877 849 926 κενότητας
869 875 921 919 ἄν
940 895 1009 931 μοι
1030 880 1053 920 ὁ
1072 877 1207 932 λόγος
1228 876 1406 925 ἐξέπιπτε
1425 880 1489 919 καὶ
1510 878 1619 948 πρὸς

165 937 223 989 τῷ
242 933 411 988 μηθὲν
388 953 412 983 η
433 953 481 976 ου
503 933 613 976 πολὺ
631 934 678 976 τὸ
695 936 899 989 χρήσιμον
918 934 1041 990 ἔχειν,
1056 952 1111 982 εις
1132 934 1360 990 ἀπέραντόν
1375 951 1465 976 τινα
1484 936 1548 976 καὶ
1568 952 1617 976 ου
1636 941 1715 980 370

743 993 863 1045 αφὴν.
887 1009 950 1032 και
970 994 1062 1046 περὶ
1082 992 1239 1033 τούτων
1256 995 1328 1045 μὲν
1350 990 1457 1039 ἅλις.
1482 992 1617 1045 ἑτέραν

685 1009 863 1101 Ύῗόγου
865 1051 957 1102 περί
971 1065 1011 1088 τε
1033 1047 1326 1101 Δημοσθένους
1347 1050 1410 1090 καὶ
1438 1046 1619 1116 Ὑπερεί-

168 1009 396 1061 συμμετρον
418 993 433 1032 ἐ
437 990 713 1044 ξεμηκυνθηγ

167 1046 249 1088 δὲ’
230 1045 367 1102 αρχῆν
387 1049 607 1119 πριήσομαι
623 1050 695 1087 τοῦ

167 1100 241 1144 ὃου
272 1106 335 1145 καὶ
361 1103 497 1158 τρίτου
529 1101 665 1158 λέγων
698 1105 915 1158 Αἶσχίνου“
942 1104 968 1151 ἡ
993 1103 1076 1159 ’γὰρ
1108 1101 1157 1153 δὴ
1187 1103 1457 1152 τελειοτάτη“
1433 1105 1626 1159 ρητορικὴ

167 1163 231 1202 καὶ
251 1160 298 1201 τὸ
318 1161 466 1213 κράτος
495 1161 579 1201 τῶν
609 1161 846 1214 ἐναγωνίων
879 1159 1069 1215 λόγων’
1054 1178 1097 1202 εν
1126 1162 1287 1209 τούτοις
1316 1166 1405 1208 τοῖς
1426 1159 1625 1215 ἀνδράσιν

172 1216 296 1258 έΟίΚΕν
316 1234 428 1258 uvat.

210 1310 413 1352 “roroyga'tcpmv]
438 1310 519 1340 Num
543 1310 645 1350 ἄπογς.
663 1314 698 1339 ut
718 1320 751 1350 p.
774 1312 825 1341 13.
845 1312 877 1341 9.

169 1355 277 1384 IDEM.

211 1394 288 1430 Τίνος
311 1394 389 1425 ἕνεκα
416 1394 605 1435 προσεθέμην]
635 1394 775 1434 Vulgatae
805 1395 879 1425 dant

169 1450 201 1468 τ.
218 1438 241 1468 ἕ.
254 1439 281 1468 οὐ
296 1437 409 1479 προσ-ιθ.
430 1449 488 1477 ego
506 1448 579 1467 vero
592 1438 770 1476 particulam
786 1437 879 1467 infiti-

169 1485 270 1510 antem
296 1481 531 1520 expungendam
555 1480 645 1515 duxi,
668 1485 699 1509 et
719 1481 756 1509 ad
778 1490 878 1509 veram

171 1524 286 1559 sedem,
311 1524 391 1552 unde
417 1523 475 1552 huc
500 1524 701 1558 aberraverat,
726 1522 879 1552 deducen-

169 1567 238 1595 dam
250 1576 281 1595 v.
291 1568 341 1596 13.
362 1566 470 1595 Isaeum
485 1566 589 1604 utique
600 1564 768 1604 Dionysius
780 1566 880 1604 Lysiae

170 1609 360 1647 adjunxerat,
378 1607 535 1648 προσέθετο
563 1607 629 1647 [vel
654 1607 758 1646 potius
781 1607 882 1647 πςοσὲ-

169 1648 264 1691 Θηκε],
277 1661 365 1689 quem
381 1652 492 1680 Isaeum
509 1650 668 1679 debuisset
679 1650 831 1690 omittere,
856 1650 882 1679 si

170 1693 262 1722 fidem
288 1693 440 1722 voluisset
467 1692 658 1728 excusationi
687 1694 801 1728 facere,
823 1703 882 1731 qua

171 1735 220 1764 hic
247 1735 342 1765 utitur
371 1736 519 1764 adversus
550 1745 615 1770 εοε,
648 1735 699 1773 qui
728 1735 882 1764 silentium

171 1779 238 1816 ejus
249 1779 286 1808 de
303 1778 428 1816 reliquis
443 1778 614 1807 oratoribus
629 1787 710 1815 aegre
727 1778 816 1807 laturi
839 1781 884 1807 at-

171 1830 230 1859 que
262 1820 475 1859 exprobraturi
509 1820 700 1850 videbantur.
746 1820 883 1856 Quorum

171 1862 439 1901 reprehensionem
469 1866 608 1892 metuens
635 1862 818 1901 Dionysius,
839 1868 883 1892 te-

171 1905 233 1935 lum
255 1906 315 1935 hoc
340 1905 478 1935 defendit
503 1905 559 1934 hac
581 1905 792 1934 excusatione.
836 1905 884 1934 Si-

173 1947 280 1983 mulus,
300 1947 395 1983 aiunt,
406 1947 550 1986 Dionysi,
567 1947 700 1985 reliquos
711 1952 848 1977 oratores
864 1958 882 1977 a

171 1995 203 2018 te
231 1990 303 2019 ideo
325 1990 498 2028 praeteritos
524 1999 605 2024 esse,
632 1989 713 2027 quod
739 1995 790 2018 ant
814 1991 881 2018 Iso-

173 2032 262 2061 cratis
287 2037 339 2061 aut
352 2031 453 2069 Lysia}
472 2031 602 2060 fuissent
619 2030 801 2066 imitatores,
819 2041 883 2060 ma-

173 2074 279 2112 gistris
302 2073 472 2103 inseriores.
519 2075 635 2102 Bonum
654 2073 777 2102 factum.
821 2073 884 2102 Ve-

172 2121 340 2146 rumtamen
358 2116 422 2144 haec
439 2115 463 2144 si
484 2114 539 2144 tibi
555 2125 626 2144 vera
638 2115 697 2144 fuit
710 2120 800 2154 atque
816 2115 883 2143 ido-

172 2168 230 2188 nea
244 2167 346 2191 cansa.
368 2168 422 2187 cur
442 2159 567 2192 Isaeum,
593 2162 624 2186 et
643 2157 743 2195 ipsum
764 2167 884 2195 quoque

172 2201 202 2230 in
217 2199 320 2239 Lysiae
333 2199 477 2240 vestigia,
491 2200 573 2238 quod
589 2203 655 2228 tute
671 2199 739 2238 ipse
758 2200 884 2238 profite-

172 2243 228 2282 ris,
255 2242 440 2281 ingressum,
471 2242 546 2271 tanti
577 2241 690 2277 fecisti,
718 2246 752 2271 ut
778 2241 817 2271 de
848 2252 885 2271 eo

171 2284 320 2323 peculiari
361 2284 465 2314 libello
510 2283 647 2323 pluribus
694 2283 884 2323 disputares?

172 2328 250 2357 Ideo
263 2337 371 2365 nempe
382 2327 452 2361 feci,
465 2327 597 2356 occurrit
606 2325 788 2364 Dionysius,
802 2327 885 2364 quod

171 2371 272 2399 Isaeus
300 2369 378 2398 haud
399 2369 550 2398 immerito
569 2373 655 2408 pater
670 2369 773 2398 haberi
789 2369 887 2407 possit

173 2412 256 2441 illius
283 2411 467 2450 eloquentiae
490 2411 621 2449 generis,
643 2411 725 2450 quod
752 2415 886 2450 postmo—

173 2455 247 2484 dum
271 2464 289 2483 a
314 2454 533 2489 Demosthene,
559 2453 632 2482 Isaei
658 2453 824 2492 discipulo,
844 2453 887 2483 ita

175 2497 361 2526 elaboratum
389 2501 420 2526 et
442 2496 612 2534 perfectum
636 2495 704 2530 suit,
729 2501 763 2525 ut
789 2506 829 2525 ex
850 2506 886 2525 eo

175 2543 259 2569 recte
274 2539 543 2569 Demosthenicum
560 2537 744 2577 appelletur.
788 2538 887 2568 Paulo

175 2585 245 2623 post
267 2580 356 2617 adeo,
381 2580 471 2611 initio
501 2580 770 2631 disputatiunculae
794 2591 888 2621 super

913 1310 1080 1346 Dium-cho,
1111 1311 1288 1341 nominatim
1318 1312 1431 1341 Isaeum
1456 1312 1625 1350 Dionysius

911 1358 1015 1383 noster
1042 1354 1178 1393 appellat
1208 1354 1315 1395 εὑρετὴν
1343 1353 1409 1384 ἰδίου
1437 1355 1626 1396 χαρακτῆρος.

911 1396 1020 1426 IDEM.

955 1440 1001 1468 Τὸ.
1030 1437 1213 1479 σπέρματα]
1245 1438 1363 1469 Auctor
1389 1439 1461 1469 vitae
1491 1439 1624 1469 Homeri

913 1480 993 1511 inter
1008 1481 1157 1519 opuscula
1171 1481 1389 1521 mythologica,
1406 1483 1488 1512 edita
1500 1483 1623 1512 Amste-

913 1523 1038 1558 lodami,
1062 1534 1092 1561 p.
1114 1525 1188 1554 323.
1215 1523 1245 1553 in
1271 1524 1390 1563 judicio
1415 1525 1453 1554 de
1481 1524 1622 1563 principe

914 1570 1086 1604 poetarum,
1110 1566 1221 1595 iisdem
1247 1567 1309 1596 fere
1326 1567 1430 1596 verbis
1454 1568 1560 1602 utitur,
1581 1577 1622 1596 ex

915 1608 1039 1647 quibus,
1055 1613 1089 1637 ut
1104 1609 1164 1638 alia
1180 1609 1294 1638 mittam
1319 1614 1505 1648 argumenta,
1526 1609 1623 1647 conji-

916 1651 959 1679 cit
975 1651 1014 1680 cl.
1030 1651 1146 1680 Galeus
1163 1652 1191 1680 in
1209 1652 1325 1690 prael‘at.
1341 1652 1445 1681 adina
1460 1652 1622 1692 opuscula,

917 1693 963 1722 vel
979 1693 1062 1723 illius
1079 1693 1175 1723 libelli
1190 1699 1306 1732 patrem
1318 1694 1412 1724 fuisse
1424 1694 1621 1735 Dionysium,

916 1736 978 1771 vel,
994 1736 1020 1765 si
1040 1735 1117 1765 alius
1134 1746 1157 1765 a
1175 1736 1326 1777 Dionysio
1347 1737 1415 1772 fuit,
1435 1737 1566 1776 plurima
1584 1737 1624 1766 ab

917 1788 953 1807 eo
968 1778 1228 1817 transsumpsisse.
1254 1779 1419 1809 HUDSON.

960 1820 1065 1850 Τούσδε
1076 1822 1140 1853 τοὺς
1154 1820 1268 1862 ἄνδρας]
1291 1823 1470 1858 Isocratem,
1487 1821 1623 1861 Lysiam,

918 1863 1041 1892 Isaeum.
1069 1865 1188 1893 Rmsxz.

960 1904 1029 1944 Πξός
1050 1904 1082 1935 τὸ
1107 1905 1202 1944 μηδὲν
1226 1904 1240 1936 ἢ
1263 1905 1360 1945 πολὺ]
1384 1907 1562 1944 Legendum
1581 1905 1626 1936 vi·

918 1948 1027 1977 detur:
1051 1948 1118 1987 πρὸς
1133 1949 1176 1987 τῷ
1187 1946 1276 1986 μηθὲν
1293 1947 1307 1978 ἢ
1323 1947 1351 1976 οὗ
1370 1949 1443 1977 πολὺ
1457 1948 1492 1977 τὸ
1511 1959 1561 1988 χξ.
1576 1947 1627 1988 ἔχ-

916 1989 1098 2020 SYLBURG.
1142 1990 1200 2019 Fui
1213 1990 1243 2018 in
1259 1989 1440 2019 auctoritate
1455 1990 1624 2029 Sylburgii.

917 2031 1038 2061 Rmsx.

959 2071 1119 2114 Ὑπερίδου]
1142 2071 1302 2112 ’Ὑπερείδης
1321 2077 1352 2102 et
1369 2073 1418 2102 hic-
1435 2078 1466 2103 et
1486 2074 1517 2103 in
1538 2084 1625 2113 sequ,

917 2125 973 2153 per
995 2126 1016 2144 ει
1041 2115 1265 2153 diphthongum
1290 2120 1465 2145 constanter
1493 2116 1623 2156 legitur:

918 2162 948 2186 at
962 2167 1055 2196 supra
1069 2160 1123 2192 71,
1139 2160 1192 2187 ⁰20.
1205 2162 1237 2186 et
1252 2157 1337 2192 alibi,
1350 2168 1425 2196 pert
1439 2169 1446 2188 :
1462 2169 1522 2197 quo
1535 2159 1625 2188 modo

919 2205 950 2229 et
959 2210 1047 2229 manu
1059 2203 1201 2229 exaratus
1213 2199 1293 2229 liber
1304 2200 1347 2229 ibi
1362 2201 1465 2237 habet,
1482 2205 1513 2230 et
1521 2201 1625 2231 Suidae

919 2251 954 2271 ac
970 2241 1129 2272 Plutarchi
1145 2242 1342 2280 exemplaria.
1380 2243 1478 2273 Porro
1490 2245 1625 2273 secunda

918 2284 984 2314 haec
999 2295 1070 2323 pars
1080 2286 1119 2314 de
1131 2284 1312 2314 Oratoribus
1323 2284 1446 2321 Atticis,
1457 2297 1524 2325 quae
1534 2296 1626 2325 supra

920 2326 1013 2356 etiam
1044 2326 1235 2366 promittitur
1265 2326 1295 2356 in
1327 2328 1506 2365 praefatione
1534 2329 1625 2367 hujus

920 2373 1080 2405 tractatus,
1103 2372 1157 2405 81,
1178 2371 1230 2400 44.
1254 2369 1292 2399 ad
1316 2379 1372 2399 nos
1389 2380 1450 2399 non
1471 2371 1627 2410 pervenit.

920 2412 1101 2441 SYLBURG.

964 2452 1073 2493 Λέγων]
1097 2454 1134 2482 In
1149 2453 1285 2491 margine
1305 2453 1470 2484 Bodleiani
1488 2455 1520 2485 h.
1535 2456 1556 2484 1.
1573 2456 1627 2484 ad-

921 2496 1069 2535 scriptum
1097 2496 1214 2535 reperit
1240 2496 1412 2526 Hudsonns
1444 2496 1511 2532 ἴσως
1539 2496 1626 2536 λέγω.

921 2539 1002 2577 quod
1026 2538 1116 2568 etiam
1141 2542 1232 2577 atque
1256 2539 1345 2568 etiam
1369 2541 1478 2578 probo.
1522 2540 1628 2570 Possit

921 2585 1020 2611 tamen
1032 2591 1152 2621 quoque
1167 2581 1208 2611 de
1223 2579 1311 2620 λέξων
1323 2581 1461 2622 cogitari.
1485 2582 1606 2614 Rmsx.

1493 595 1615 648 φαίην
1634 603 1712 639 369
