1981 3255
733 203 843 244 LYC
852 202 1085 244 URGEAE.
1537 207 1618 251 499

179 315 377 358 ὦφίστασθαι]
401 317 429 347 οὗ
451 317 504 355 γὰρ
522 315 728 355 ἀποστήσομαι
747 317 802 345 τῶν
820 326 878 344 πα-

223 362 318 390 λαιῶν.
341 361 378 389 ab
398 357 561 398 allegandis
577 363 713 387 veterum
729 357 878 396 esemplis

221 403 301 432 haud
315 401 470 432 desistam.
485 403 558 435 201,
573 402 624 431 15.

180 445 290 485 ἆφορᾷἷν.
311 445 383 478 148,
396 453 466 484 pen.

178 487 290 526 ἀφορία.
305 486 450 515 sterilitas
465 485 546 520 anui,
559 485 668 515 caritas
685 494 878 515 annonarum.

223 530 295 563 194,
310 530 361 558 ΞΟ.
767 552 774 558 ,

177 569 337 612 ἄχρηστος]
360 570 424 603 τοὺς
446 570 484 604 εἷς
507 568 554 599 τὸν
572 569 696 608 πόλεμον
717 569 879 610 ἀχρήστους

219 610 427 643 ὑπεκτίθεσθαι.
444 614 518 647 177,
535 614 586 642 14.

514 721 544 744 Β.

177 779 288 820 Βάθρον]
312 782 426 810 στᾶσαν
439 779 464 810 έν
479 780 585 815 πόλεως
600 779 717 820 Βάθροις.
735 784 808 817 208,
824 785 854 812 2.

176 821 249 862 Βίος]
271 821 316 852 τὸν
333 824 423 853 αὑτῶν
439 822 494 855 Βίαν
507 826 718 853 καταναλῶσαι.
734 826 807 859 199,
824 826 875 854 12.

219 865 332 895 ποιηταὶ
357 866 527 904 μιμούμενοι
554 865 599 896 τὸν
623 866 786 905 ἀνθρώπινον
811 865 875 899 βίον.

220 910 293 942 209,
309 910 359 938 16.
383 907 430 937 ἐπὶ
444 911 503 943 τοῖς
517 907 591 947 ὁρίοις
604 909 653 938 τοῦ
668 907 738 941 βίου.
757 911 831 945 215,
845 912 876 939 7.

177 949 335 991 Βλάπτειν]
352 949 422 980 Ὶὅταν
442 953 496 991 γὰρ
516 951 576 991 ὀργὴ
598 950 732 990 δαιμόνων
754 952 875 993 Βλάπτῃ

219 993 296 1022 τινά.
312 995 384 1029 198,
400 996 430 1023 8.

177 1034 277 1075 Βουλῆ]
306 1037 355 1066 την
379 1035 486 1071 Βουλῆν,
510 1038 574 1070 τοὺς
597 1034 792 1070 πεντακοσίους
820 1047 875 1077 per

220 1079 540 1115 superenarrationem.
558 1082 630 1114 164,
648 1082 678 1108 6.

177 1118 289 1160 Βωμὸς]
311 1120 358 1150 ἐπὶ
374 1120 421 1150 τὸν
435 1120 529 1160 Βωμόν
549 1124 602 1151 τῶν
622 1121 725 1152 δώδεκα
742 1120 804 1151 θεῶν
823 1132 874 1150 κα-

219 1161 376 1202 ταφεύγειν.
393 1166 465 1200 198,
478 1174 547 1203 pen.

176 1330 289 1373 γείτων]
320 1331 348 1366 ἐς
371 1332 494 1370 γειτόνων
522 1333 594 1373 [pro
618 1333 645 1366 ἐς
669 1332 805 1374 γείτονας]
827 1335 876 1367 τῆς

218 1374 350 1413 πατρίδος
361 1377 511 1413 μετοικεῖν.
527 1379 599 1411 152,
617 1380 667 1406 10.

175 1415 271 1452 γένειον
284 1417 386 1447 πολιόν.
403 1419 477 1453 213,
490 1420 540 1448 18.

174 1459 337 1496 γενναιότης.
352 1462 426 1496 203,
440 1463 471 1490 7.

175 1502 224 1538 γῆν
237 1502 284 1531 καὶ
298 1502 364 1541 ὕδωρ
377 1502 477 1532 αἰτεῖν.
493 1505 566 1540 186,
582 1505 611 1533 6.

174 1544 273 1584 γῆρας]
295 1543 342 1574 ἐπὶ
355 1545 452 1584 γήραος
465 1545 540 1584 οὐδῷ.
557 1548 630 1581 166,
647 1547 701 1576 ult.

176 1589 360 1626 γηροτροφεῖν.
374 1590 448 1623 237,
466 1590 497 1618 9.

176 1627 306 1664 γίνεσθαι
325 1628 373 1659 ἐπὶ
391 1628 529 1670 ἐργασίας.
549 1635 698 1669 quaestum
723 1640 874 1660 exercere.

176 1713 290 1754 γνώμη]
315 1715 353 1748 εἷς
371 1716 420 1745 τὴν
440 1713 524 1756 χείρω
538 1715 647 1756 τρέπειν
666 1715 785 1754 γνώμην.
804 1716 875 1750 198,

175 1799 285 1835 γνῶσις.
306 1799 453 1829 sententia
474 1810 490 1829 a
507 1800 612 1838 judice
633 1799 824 1839 pronuntiata
845 1799 875 1828 in

217 1851 308 1870 causa
323 1847 530 1872 controversa.
548 1845 621 1877 234,
634 1845 665 1872 7.

173 1882 251 1924 γόνυ]
267 1880 304 1913 οἷν
317 1883 406 1914 οὐκέτι
426 1883 536 1922 γούνατ’
554 1884 676 1925 ἐλαφρὰ,
690 1886 728 1916 de
743 1884 876 1915 senibus.

217 1928 291 1961 213,
308 1929 358 1956 14.

174 1968 276 2008 Γοργὼ]
301 1968 420 2008 Γοργόνος
433 1967 561 2008 τρίαιναν.
577 1973 649 2006 208,
669 1975 696 2000 1.

173 2013 373 2050 γραμματεῖον
385 2011 570 2053 ληξιαρχικόν.
588 2015 660 2048 189,
675 2016 705 2043 4.

173 2052 300 2092 γράφειν]
334 2054 428 2094 ὥσπερ
456 2055 605 2095 χρησμοὺς
630 2054 790 2094 γράψαντες
819 2055 877 2087 τοῖς

216 2093 438 2134 ἐπιγιγνομένοις.
457 2099 527 2132 198,
541 2099 571 2127 6.

175 2138 307 2178 γυμνοῦν]
331 2137 511 2177 γυμνωθέντα
529 2139 613 2180 χρόα.
627 2142 700 2175 214,
718 2144 746 2170 1.

512 2247 547 2271 Δ.

177 2305 294 2346 δάκνειν]
318 2307 416 2346 χεῖλος
430 2307 520 2337 ὀδοῦσι
535 2308 629 2338 δακών.
647 2312 721 2345 214,
734 2312 763 2340 6.

176 2348 298 2388 δακρύοις
319 2349 357 2383 εἷς
379 2349 450 2379 ἔλεον
467 2351 655 2390 προάγεσθαι.
681 2354 752 2388 162,
780 2354 808 2382 3.
837 2354 878 2382 τὰ

217 2390 344 2430 μητέρων
359 2392 462 2433 δάκρυα
474 2395 593 2428 πολλοὺς
608 2393 732 2425 έδίιλυνε.
745 2397 819 2432 206,
833 2397 862 2425 8.

175 2431 317 2473 δαπανᾷν.
333 2436 406 2470 233,
423 2437 452 2466 3.
469 2440 500 2466 et
517 2440 567 2466 11.

175 2474 248 2506 δείλη
263 2475 340 2513 ὀψία.
361 2480 432 2516 148,
446 2480 477 2508 3.
678 2496 684 2501 -

112 2538 122 2550 0
176 2516 301 2553 δεινότης.
315 2519 466 2556 facundia,
479 2521 633 2550 subtilitas
643 2526 673 2550 et
685 2521 732 2552 vis
744 2522 875 2553 dicendi.

177 2601 308 2645 δεῖσθαι]
334 2604 516 2644 supplicare.
530 2605 654 2635 ἱκετεύειν
669 2606 746 2646 ὑμῶν
756 2608 806 2637 τὴν
817 2608 877 2647 χώ-

219 2656 266 2684 ραν
278 2646 326 2676 καὶ
343 2649 382 2677 τὰ
396 2646 484 2687 δένδρα
500 2647 617 2678 δεῖσθαι.
634 2651 708 2685 241,
723 2650 777 2678 ult.

177 2687 329 2719 δεκατεύειν
343 2688 445 2722 πόλεις.
461 2693 534 2726 193,
551 2693 580 2722 9.

177 2728 291 2770 δένδρον]
316 2733 329 2761 ἢ
344 2732 425 2771 χώρα
441 2733 480 2761 τὰ
496 2732 586 2772 δένδρα
605 2733 786 2766 συνεβάλετο.
802 2736 877 2770 172,

219 2775 250 2801 4.
272 2775 311 2803 τὰ
323 2773 414 2813 δένδρα
425 2774 538 2804 δεῖσθαι
553 2777 640 2814 ὑμῶν.
657 2779 730 2812 241,
747 2776 800 2806 ult.

177 2812 376 2856 δεσμωτήριον]
393 2816 430 2851 εἰς
443 2817 476 2846 τὸ
487 2818 512 2847 δ.
521 2818 726 2850 ἀποτεθέντων,
739 2821 812 2855 217,
825 2820 875 2848 12.

179 2855 289 2896 δήμιος]
313 2868 381 2887 num
396 2869 450 2897 pro
464 2859 606 2898 δημόσιος.
623 2864 696 2898 139,
712 2862 768 2891 ult.

179 2897 366 2937 δημοκρατίας
379 2903 521 2940 praesidia
533 2903 601 2932 tria.
615 2906 688 2940 138,
701 2906 731 2933 7.
754 2903 788 2934 τὸ
801 2903 876 2935 συνέ-

221 2951 272 2980 χον
284 2942 333 2972 τὴν
346 2941 371 2971 δ.
383 2941 460 2971 ἐστὶν
472 2942 556 2983 ἕρκος.
568 2947 626 2976 191
633 2967 642 2981 ,
657 2949 687 2977 8.

179 2981 317 3021 δημόσιος.
332 2985 405 3021 139,
420 2985 473 3015 ult.

912 313 1072 353 δημοτικός.
1089 317 1161 351 159,
1177 326 1246 354 pen.

912 354 1068 397 διαςαίνειν]
1093 358 1133 392 εἰς
1149 360 1299 400 Σαλαμῖνα
1320 360 1453 393 διέΒασαν
1471 361 1542 401 [pro
1561 362 1615 393 διέ-

955 399 1071 440 Bne-av}
1092 402 1165 436 185.
1181 405 1211 432 6.
1246 399 1275 430 εὖ
1289 402 1400 441 μενέτω
1421 404 1518 439 διαβὰς
1533 405 1614 436 ποσίν

953 441 1164 481 ἀμφοτέροισιν.
1182 445 1253 478 214,
1271 446 1302 474 5.

911 482 1037 524 tineam]
1061 486 1121 519 τοῖς
1137 485 1295 524 κρινομένοις
1314 485 1394 515 ἔσται
1421 488 1432 517 ὅ
1456 490 1529 526 ἀγὼν
1550 489 1612 520 ἄνευ

954 525 1091 560 διαξολῖς.
1109 538 1161 556 reu
1181 539 1301 557 causam
1325 539 1407 558 suam
1426 531 1536 561 dicenti
1552 543 1611 562 nou

953 570 1012 599 erit
1033 580 1099 600 cum
1117 570 1274 608 judicibus
1295 572 1442 609 agendum
1465 574 1610 604 adversus

954 622 987 640 se
1002 613 1039 641 ab
1056 616 1231 642 accusatore
1241 614 1303 651 jam
1319 616 1548 653 praeoccupatis,
1564 622 1608 646 at-

954 664 1012 692 que
1025 665 1078 693 per
1092 655 1183 684 falsas
1203 655 1426 686 criminationes
1446 667 1463 686 a
1484 667 1516 686 se
1536 658 1608 688 alie-

951 696 1029 726 natis
1046 702 1077 727 et
1092 697 1294 732 exacerbatis,
1313 703 1345 727 ut
1361 709 1447 737 aequo
1465 699 1562 729 animo
1577 711 1607 730 se

952 739 1056 769 audire
1076 739 1179 769 nolint.
1198 745 1348 770 certamen
1369 742 1429 772 reis
1445 741 1558 772 invidia
1577 749 1609 773 el.

951 781 1100 812 calumnia
1115 782 1242 812 vacabit.
1261 779 1398 818 144,'12.

908 824 1096 865 διακαρτερεῖν.
1113 826 1186 859 195,
1203 828 1254 855 12.

908 867 1056 896 διάκεινται
1084 867 1308 907 καταδεέστερον.
1337 868 1453 899 minore
1483 869 1608 901 caritate

951 909 1052 939 affecti
1068 916 1146 939 sunt.
1170 912 1241 946 174,
1260 912 1311 940 17.

910 951 1112 990 διαλαμβάνειν
1120 952 1161 992 (si
1175 954 1250 982 bene
1264 951 1370 993 habet)
1385 963 1440 992 pro
1453 954 1606 994 ὑπολαμβ.

950 994 1138 1025 existimare.
1151 997 1226 1030 229,
1238 998 1270 1024 7.

908 1035 1102 1066 διαλανθάνειν.
1119 1040 1190 1073 192,
1206 1040 1236 1068 3.

909 1078 1024 1120 διάνοια]
1047 1080 1114 1112 ταῖς
1134 1079 1257 1114 διανοίαις
1273 1081 1314 1118 μὴ
1335 1080 1518 1119 «πτήξαντας.
1536 1084 1608 1118 175,

952 1123 980 1151 9.
1005 1120 1069 1162 πρὸς
1086 1123 1140 1156 τοὶς
1158 1125 1212 1152 τῶν
1232 1121 1351 1162 ἀρχαίων
1371 1123 1529 1162 νομοθετῶν
1548 1123 1608 1153 δια-

951 1163 1021 1198 νοίας
1045 1163 1227 1197 ἀποβλέπειν.
1252 1167 1324 1200 183,
1349 1167 1379 1195 6.
1413 1166 1435 1195 οἱ
1454 1165 1511 1194 θεοὶ
1536 1166 1609 1197 οὐδὲν

952 1206 1076 1246 πρότερον
1088 1208 1228 1242 ποιοῦσιν,
1243 1206 1257 1237 ἢ
1268 1210 1322 1237 τῶν
1332 1211 1445 1248 πονηρῶν
1457 1207 1608 1247 ἀνθρώπων

949 1250 998 1278 την
1014 1249 1125 1279 διάνοιαν
1139 1250 1308 1290 παράγουσι.
1323 1253 1397 1283 198,
1413 1253 1442 1280 4.

908 1289 1108 1331 διασκευάζειν]
1129 1291 1368 1331 διεσκευασμένος,
1387 1292 1553 1323 instructus
1576 1298 1609 1324 et

950 1338 1074 1371 paratus
1087 1335 1124 1363 ad
1138 1345 1277 1373 pugnam.
1294 1337 1367 1369 164,
1379 1340 1410 1364 ὅ.

909 1374 1064 1416 διασώζειν]
1089 1376 1172 1410 αὐτὸς
1188 1376 1215 1406 δὲ
1235 1376 1316 1415 μόνος
1327 1376 1478 1411 διασωθείς.
1488 1379 1607 1408 medios

952 1428 1006 1458 per
1022 1420 1124 1449 hostes
1147 1430 1164 1449 e
1186 1424 1267 1449 tauta
1281 1420 1392 1449 civium
1415 1419 1606 1450 multitudine

950 1461 1034 1490 solus
1048 1461 1158 1491 evasit.
1177 1464 1248 1498 149,
1264 1466 1294 1493 5.
1318 1461 1460 1500 διασώζειν
1473 1461 1519 1492 τὸν
1534 1474 1607 1503 wgo·

951 1503 1037 1534 δότην.
1051 1504 1191 1534 durchhel
1207 1503 1242 1534 'en
1261 1503 1304 1543 [to
1320 1504 1384 1543 help
1402 1504 1541 1545 through,
1557 1511 1607 1536 out

950 1545 1133 1587 ffdanger}
1149 1549 1222 1585 218,
1239 1550 1290 1576 11.

910 1586 1038 1628 διαφέρειν
1052 1587 1164 1628 ἐράνους.
1176 1589 1350 1628 dependere
1361 1588 1608 1620 contributiones.

953 1633 1026 1666 153,
1043 1633 1073 1661 4.

910 1670 1109 1710 διαφυλάττειν
1123 1676 1163 1703 τὰ
1179 1674 1352 1715 ὑπάρχοντα.
1365 1676 1438 1709 179,
1452 1677 1482 1703 4.
1505 1672 1612 1713 φιλίαν.

954 1716 1027 1751 231,
1042 1717 1073 1746 7.

909 1755 1060 1799 διδάσκειν]
1081 1756 1209 1787 ἀδύνατόν
1224 1757 1301 1788 ἔστιν
1315 1758 1376 1788 ἄνευ
1391 1759 1440 1787 τοῦ
1458 1757 1552 1795 λόγου,
1566 1759 1608 1796 μὴ

951 1798 1059 1836 δικαίως
1083 1800 1303 1839 δεδιδαγμένους,
1326 1799 1430 1830 δικαίαν
1451 1802 1499 1830 τὴν
1519 1799 1610 1840 ψῆφον

950 1841 1046 1882 φέρειν.
1065 1846 1138 1878 144,
1158 1845 1209 1874 15.

910 1883 1003 1914 διδόναι
1019 1884 1127 1915 πίστιν.
1149 1888 1222 1921 192,
1239 1889 1269 1915 1.
1286 1890 1316 1915 et
1335 1888 1387 1916 10.
1402 1884 1484 1915 ἀΐδιον
1499 1883 1610 1916 σίτησιν

952 1925 977 1956 ἓν
1002 1927 1162 1968 πρυτανείῳ.
1192 1930 1264 1963 196,
1281 1931 1332 1958 14.
1354 1928 1432 1957 δίκην.
1456 1930 1529 1962 197,
1553 1928 1609 1957 ult.

952 1969 1030 1998 δώσω
1043 1969 1139 2005 euna,
1155 1970 1185 1999 id
1201 1975 1258 2005 est,
1274 1970 1339 2008 πρὸς
1353 1970 1452 2008 θῦμα,
1467 1972 1542 2004 207,
1557 1972 1595 2000 5.,

909 2011 1041 2052 δικάζειν]
1065 2013 1172 2045 παῖδας
1189 2012 1235 2040 καὶ
1257 2013 1393 2049 γυναῖκας
1405 2012 1609 2051 παρακαθισα-

951 2052 1049 2092 μένους
1080 2054 1190 2088 ἑαυτοῖς
1219 2055 1283 2088 τοὺς
1311 2054 1451 2087 δικαστὰς
1480 2053 1608 2094 δικάζειν.

953 2099 1026 2132 234,
1043 2099 1074 2127 2.

910 2136 1010 2171 δίκαιος
1022 2140 1050 2168 in
1063 2139 1277 2174 soeminino,ac
1294 2138 1318 2167 si
1335 2138 1516 2177 adjectivum
1533 2138 1607 2168 dua—

952 2191 1016 2210 rum
1030 2181 1271 2211 terminationum
1284 2186 1374 2210 esset.
1386 2182 1460 2216 135,
1471 2184 1502 2210 1.
1515 2180 1607 2210 δικαία

952 2223 1100 2263 κατηγορία
1111 2224 1174 2253 haec
1190 2228 1247 2260 est,
1259 2227 1326 2262 quae
1342 2233 1437 2262 neque
1453 2233 1534 2252 reum
1550 2223 1606 2252 fal-

953 2276 1053 2296 sorum
1072 2266 1228 2296 criminum
1249 2270 1379 2300 accusat,
1393 2276 1490 2305 neque
1508 2275 1607 2295 causa:

953 2308 1049 2338 aliena
1064 2309 1222 2339 immiscet.
1240 2310 1313 2344 143,
1330 2311 1381 2338 12.

911 2351 1059 2392 δικαστὴς]
1075 2352 1102 2381 οὐ
1118 2351 1196 2390 μόνον
1212 2351 1363 2386 δικαστὰς,
1378 2352 1456 2380 ἀλλὰ
1471 2349 1518 2378 καὶ
1528 2360 1607 2390 νομο-

953 2391 1044 2428 θέτας
1057 2395 1107 2423 τοῦ
1118 2395 1159 2424 νῦν
1170 2393 1356 2433 ἀδικήματος.
1368 2403 1422 2423 vos
1437 2393 1539 2428 decet,
1550 2403 1606 2422 non

952 2436 1050 2466 solum
1063 2437 1120 2466 hoc
1137 2437 1247 2466 crimen
1264 2436 1444 2475 punire‚sed
1461 2435 1551 2465 etiam
1568 2436 1606 2464 de

951 2489 1039 2517 poena
1060 2479 1157 2518 ipsius
1182 2480 1282 2518 legem
1303 2478 1488 2507 constituere
1509 2477 1606 2516 impo-

952 2526 1064 2550 sterum
1084 2521 1252 2556 valituram,
1272 2526 1304 2550 ut
1321 2520 1358 2549 de
1379 2531 1476 2559 poenae
1497 2529 1605 2558 genere

951 2563 1031 2593 nulla
1054 2564 1243 2602 postmodum
1263 2563 1414 2592 exsistere
1433 2562 1530 2601 possit
1551 2562 1605 2590 du-

953 2606 1070 2636 bitatio.
1096 2609 1169 2642 142,
1189 2608 1220 2637 3.
1245 2606 1381 2638 δικαστῆς
1400 2605 1601 2645 ἀπαραίτητος.

953 2650 1026 2682 136,
1040 2659 1111 2687 peu.
1124 2649 1346 2689 χαλεπώτατος.
1361 2649 1434 2683 231,
1452 2651 1503 2677 12.
1519 2648 1603 2686 τρεῖς,

952 2688 983 2729 ἐξ
1004 2688 1039 2719 οἷν
1056 2691 1069 2721 ἦ
1092 2690 1220 2721 πολιτεία
1240 2689 1420 2726 συνίσταται,
1438 2690 1450 2718 ὅ
1469 2689 1572 2729 ἅρχων,
1589 2689 1601 2717 ὅ

951 2732 1118 2767 δικαστὴς-,ὁ
1132 2733 1250 2766 ἰδιώτης.
1267 2736 1339 2769 191,
1356 2733 1411 2761 ult.
1429 2742 1459 2760 v.
1475 2730 1608 2769 δικάζειν..

909 2775 1023 2806 διοικεῖν.
1053 2775 1272 2811 administrare,
1298 2785 1412 2810 curare,
1445 2783 1599 2812 peragere.

953 2820 1025 2852 153.
1039 2819 1069 2848 5.

909 2858 1069 2899 διόμνυσθαι
1084 2860 1123 2890 de
1136 2861 1285 2900 pluribus,
1296 2859 1347 2897 qui
1362 2867 1463 2888 omnes
1477 2856 1601 2886 eandem

951 2903 981 2931 in
997 2903 1152 2932 formulam
1165 2905 1277 2941 jurant.
1294 2903 1366 2934 225,
1385 2901 1433 2929 15.

910 2943 1038 2985 διορίζειν]
1057 2944 1112 2975 ὅσα
1130 2948 1184 2975 τῶν
1201 2944 1380 2984 ἀδικημάτων
1400 2941 1478 2980 νόμος
1496 2952 1541 2974 τίς
1561 2939 1598 2968 3⁴-

952 2987 1038 3027 ώρικε.
1055 2989 1132 3024 142,
1146 2992 1176 3018 4-
