1981 3255
319 210 400 257 574
847 216 928 257 DE
960 216 1210 258 HERODE

317 331 533 368 Reinesium
561 343 601 380 p.
622 334 710 368 305.
730 344 774 368 ea
794 332 904 369 nobis
934 333 1216 382 possidentibus
1236 332 1371 370 librum
1401 339 1437 371 et
1464 334 1606 379 locum,
1629 347 1739 384 quem

317 392 510 430 Fabricius
531 392 760 437 laudaverat,
783 394 1070 431 consulentibus
1097 395 1197 432 haud
1217 394 1371 433 affulsit.
1429 395 1529 433 Illud
1555 408 1643 434 vero
1663 409 1739 434 non

316 452 501 490 debuerat
518 453 691 491 omittere
706 454 892 500 Visconti,
907 453 1009 503 quod
1028 454 1264 493 Hoeschelius
1285 455 1424 493 diserte
1441 457 1605 507 addidit,
1625 457 1740 495 Glos-·

315 514 489 552 sariensis
507 514 696 561 editionis,
715 516 929 566 exemplum
948 515 1091 552 nullum
1113 517 1240 554 venale
1259 517 1484 566 prostitisse.
1541 518 1584 555 In
1605 518 1738 556 eadem

315 575 490 626 Epistola
511 575 747 613 Hoeschelius
767 575 1054 613 emendationes
1082 576 1263 625 quasdam
1291 578 1493 627 proposuit
1513 578 1550 615 in
1576 578 1737 628 primam

315 636 580 687 Epigraphen:
620 637 776 687 ejusque
803 636 1170 686 interpretationem,
1201 649 1220 674 a
1242 637 1298 674 Io.
1328 638 1498 676 Meursio
1524 639 1681 686 factam,
1699 646 1738 677 et

314 697 604 748 Apographum,
632 697 751 734 Roma
780 696 828 734 ad
856 697 979 734 Marc.
1001 696 1197 735 Velserum
1225 698 1392 744 missum,
1413 701 1737 738 commemoravit.

313 759 539 809 Apographi
555 758 651 795 illius
670 758 780 795 etiam
801 758 942 795 mentio
961 756 1005 794 fit
1023 758 1059 794 in
1074 758 1292 797 Casauboni
1312 760 1483 809 Epistola
1496 773 1611 810 quam
1631 774 1668 799 n.
1683 761 1736 798 II.

313 819 435 857 citavi.
494 819 594 856 Add.
616 818 761 856 Velseri
783 832 900 869 opera
914 831 953 867 p.
973 822 1063 858 839.

365 880 416 916 11.
440 880 614 916 Primam
633 880 920 929 inscriptionem
938 887 975 916 et
994 878 1168 925 alteram,
1187 879 1416 931 descriptam
1440 882 1572 918 Romae
1587 887 1626 918 et
1645 881 1735 919 alla·

278 964 287 974 .
310 946 387 978 tam
407 940 495 977 inde
514 953 533 977 a
554 941 698 978 Iacobo
719 940 940 984 Sirmondo,
956 952 1030 989 qua
1051 946 1176 978 statua
1195 941 1353 991 Regillae
1373 942 1587 988 dedicatur,
1608 942 1737 992 copio-

310 1001 454 1040 sissimo
478 1003 751 1040 commentario
775 1002 953 1039 instruxit
973 1001 1158 1038 Claudius
1186 1003 1401 1050 Salmasius,
1431 1004 1630 1054 ediditque
1662 1019 1735 1043 una

310 1075 397 1100 cum
413 1063 608 1110 Dosiadae,
626 1062 809 1110 Simmiae,
830 1068 867 1100 et
882 1062 1081 1100 Theocriti
1096 1062 1240 1100 lusibus
1262 1064 1380 1102 Paris.
1395 1078 1429 1103 a.
1451 1068 1567 1104 1619.
1579 1069 1618 1102 4.
1632 1066 1734 1116 apud

310 1123 470 1161 Hieron.
490 1124 672 1162 Drouart.

361 1186 532 1236 Utraque
562 1185 763 1236 Inscriptio
789 1199 875 1224 cum
904 1185 1079 1223 versione
1112 1186 1245 1224 Latina
1269 1187 1317 1224 ad
1346 1187 1521 1234 litteram,
1549 1188 1736 1238 reperitur

306 1245 420 1283 etiam
447 1247 484 1284 in
515 1247 762 1285 Descrizione
795 1246 896 1284 della
923 1246 1011 1283 villa
1038 1246 1246 1297 Borghese,
1279 1247 1319 1285 di
1351 1248 1540 1287 Giacumo
1568 1249 1736 1296 Manilli,

306 1306 418 1345 Rom.
443 1312 556 1347 1650.
573 1313 611 1346 8.
667 1307 797 1345 Editio
815 1313 874 1345 est
894 1306 1145 1344 vitiosissima.

357 1368 589 1406 Emendatas
622 1368 849 1419 quibusdam
883 1368 919 1405 in
951 1367 1045 1405 locis
1083 1368 1362 1418 Descriptiones
1393 1369 1475 1415 llas,
1511 1382 1595 1406 cum
1630 1370 1734 1408 Petri

304 1429 466 1466 Arcudii
494 1429 666 1467 versione
687 1430 819 1466 Latina
846 1429 894 1466 ad
917 1430 1069 1467 verbum
1091 1429 1192 1466 facta
1217 1428 1468 1479 ejusdemque
1489 1431 1637 1480 paucis,
1662 1432 1730 1468 sed

302 1490 501 1538 praeclaris
529 1490 918 1527 animadversionibus
948 1490 1069 1528 edidit
1095 1490 1260 1527 Iacobus
1281 1490 1446 1539 Sponius
1478 1491 1514 1528 iu
1543 1481 1734 1529 Miscella-

301 1551 382 1587 neis
418 1546 579 1589 eruditae
632 1550 882 1600 antiquitatis,
918 1551 1095 1601 Lugduni
1131 1554 1245 1588 1608.
1264 1555 1302 1589 4.
1331 1551 1436 1590 Sect.
1460 1551 1509 1589 X.
1537 1565 1574 1589 n.
1604 1557 1665 1590 12.
1691 1566 1730 1604 p.

301 1615 521 1652 322—327.

353 1672 395 1708 In
415 1672 552 1711 Thom.
573 1672 701 1710 Crenii
721 1673 857 1709 Museo
872 1672 1105 1723 philologico
1121 1671 1243 1721 primo
1263 1672 1323 1719 (L.
1342 1672 1386 1710 B.
1405 1677 1521 1712 1699.
1537 1676 1592 1721 8,)
1607 1687 1645 1711 n.
1662 1675 1730 1712 IV.

300 1731 589 1770 Casauboniana
617 1741 655 1771 et
686 1735 722 1770 in
743 1733 866 1781 ejusd.
897 1733 1033 1771 Museo
1063 1733 1233 1771 secundo
1260 1734 1320 1781 (L.
1345 1734 1392 1772 B.
1416 1738 1530 1774 1700.
1558 1735 1670 1783 8.)n
1698 1736 1729 1773 Ι.

299 1792 531 1830 Salmasiana
551 1794 669 1831 editio
688 1794 848 1843 repetita
868 1800 936 1831 est.
1182 1825 1185 1828 .

351 1854 518 1903 Repetiit
543 1861 686 1891 textum
709 1854 1005 1904 Inscriptionum
1033 1853 1320 1904 versionemque
1342 1854 1443 1893 Petri
1464 1856 1639 1902 Arcudii,
1660 1857 1727 1894 sed

297 1914 377 1952 sine
397 1915 498 1952 brevi
519 1915 617 1953 illius
637 1915 898 1961 annotatione,
919 1914 1225 1960 Montelatici‚.in
1248 1915 1495 1954 Descrizione
1513 1916 1613 1954 della
1630 1918 1728 1956 Villa

299 1978 504 2029 Borghese,
524 1981 634 2017 Rom.
656 1984 771 2020 1700.
787 1985 825 2017 8.

349 2040 512 2076 Manillii
544 2041 651 2085 liber,
681 2053 790 2090 quem
813 2052 928 2089 supra
955 2038 1217 2084 indicavimus,
1238 2040 1275 2077 in
1308 2041 1487 2078 Latinum
1517 2054 1725 2080 sermonem

297 2101 497 2138 translatus
524 2101 762 2150 insertusque
790 2107 847 2138 est
866 2101 1061 2138 Thesauro
1088 2112 1212 2137 rerum
1239 2101 1456 2140 Italicarum
1479 2103 1592 2140 Tom.
1612 2103 1726 2141 VIII.

296 2173 335 2209 p.
358 2161 424 2198 lv,

352 2223 476 2260 Mich.
499 2223 689 2260 Maittaire
712 2223 961 2260 Miscellanea
981 2225 1208 2262 Graecorum
1229 2224 1379 2273 aliquot
1396 2223 1626 2273 scriptorum
1643 2237 1724 2262 car-

297 2285 407 2330 mina,
440 2284 563 2320 Lond.
590 2287 700 2323 1722.
728 2289 765 2321 4.
791 2297 829 2333 p,
855 2288 1073 2323 174-180.
1132 2285 1289 2335 Adjecit
1317 2285 1492 2321 metricas
1517 2285 1723 2331 versiones,

297 2346 557 2383 Morellianam
586 2346 736 2395 quidem
765 2346 1022 2394 inscriptionis
1044 2347 1190 2396 primae,
1211 2346 1478 2383 Salmasianam
1501 2347 1721 2396 utriusque;

295 2406 435 2454 adjecit
456 2413 494 2443 et
523 2413 644 2452 notas,
670 2413 748 2443 tum
780 2420 800 2443 e
821 2406 1039 2443 Casauboni
1059 2413 1097 2444 et
1126 2406 1299 2444 Salmasii
1326 2406 1445 2455 copiis
1473 2406 1622 2452 ductas,
1644 2413 1720 2444 tum

295 2468 404 2504 etiam
426 2480 524 2503 suas.
1454 2501 1455 2505 ,

348 2530 389 2566 In
418 2528 546 2564 Poleni
574 2528 857 2577 Supplementis
883 2528 1002 2565 Thes.
1023 2528 1217 2566 Graeviani
1246 2535 1283 2566 et
1304 2528 1539 2566 Gronoviani
1559 2527 1644 2564 Vol.
1666 2527 1719 2564 11.

294 2590 390 2627 inest
410 2588 585 2638 repetitio
608 2589 690 2625 libri
712 2588 948 2633 Salmasiani,
969 2603 1083 2639 supra
1105 2591 1316 2634 memorati,
1338 2588 1557 2637 ibidemque
1579 2587 1664 2624 Vol.
1687 2588 1716 2624 1.

294 2651 539 2688 Miscellanea
561 2650 750 2697 Spouiaua
769 2650 930 2699 repetita
948 2657 1047 2687 suut.

344 2712 554 2759 Utramque
586 2709 868 2758 inscriptionem
898 2711 933 2746 in
962 2711 1146 2748 Analecta
1176 2724 1241 2747 sua
1272 2708 1414 2758 recepit
1446 2708 1553 2745 Rich.
1584 2709 1716 2746 Franc.

294 2772 392 2810 Phil.
417 2770 630 2808 Brunckius
657 2772 877 2817 (Argentor.
906 2775 1019 2810 1773.
1040 2776 1094 2816 8.)
1114 2771 1202 2807 Vol.
1224 2771 1274 2823 ΙΙ.
1296 2782 1382 2819 pag.
1404 2772 1493 2806 306.
1518 2781 1601 2818 sqq.
1631 2770 1715 2806 bre-

291 2833 472 2882 vibusque.
498 2831 596 2868 uotis
614 2830 760 2867 ornavit
783 2830 1100 2868 chndationum
1130 2831 1233 2877 (Vol.
1256 2830 1328 2866 ΙΙΙ.
1334 2832 1346 2876 )
1367 2842 1452 2879 pag.
1480 2834 1564 2868 198.
1613 2830 1714 2868 Hinc

290 2893 468 2930 translata
496 2898 580 2929 sunt
608 2890 774 2927 carmina
806 2890 841 2926 in
872 2903 1005 2927 novam
1034 2891 1237 2927 editionem
1272 2890 1514 2939 Anthologioe
1546 2892 1712 2936 Graecae,

289 2953 614 2993 curatamaFrid.
634 2951 791 2995 Jacobs,
813 2951 897 2987 Vol.
920 2952 993 2989 ΙΙΙ.
1009 2965 1046 3001 p.
1073 2956 1131 2989 14.
1153 2963 1239 3000 sqq.
